2320 3786
1907 251 1964 296 41

297 403 670 458 antecedentibus3
714 416 813 446 nam
859 401 950 446 sine
982 398 1064 442 illa
1097 392 1373 441 distinctione
1407 400 1549 444 neque
1582 387 1697 430 stare
1730 395 1872 438 neque
1906 381 1969 424 in-

297 483 451 539 tellegi
493 484 635 538 potest
677 483 904 535 utrumque
943 489 1071 533 posse
1104 472 1244 517 teneri
1278 472 1320 514 et
1353 466 1466 511 nihil
1496 464 1592 508 fieri
1624 462 1718 505 sine
1753 460 1894 504 causis
1930 461 1973 501 et

299 573 394 605 esse
428 558 595 616 aliquid
627 559 672 600 in
701 557 914 613 potestate
937 554 1102 596 nostra:
1137 550 1198 593 sic
1221 546 1423 603 quoniam
1447 553 1597 586 omnes
1622 541 1664 582 et
1686 536 1907 580 nominum
1931 537 1974 578 et

299 636 606 682 sententiarum
638 634 834 689 reliquas
868 628 1131 673 differentias
1164 623 1445 680 neglegebat,
1489 617 1682 662 iudicare
1717 615 1757 658 ei
1791 612 1973 657 licebat:

299 716 437 759 verbis
472 726 553 764 eos,
587 724 678 754 non
709 721 756 751 re
791 707 1009 751 dissidere.

426 790 547 831 Haec
588 788 654 829 est
695 783 919 839 dispositio
953 780 1151 836 partium.
1215 778 1342 820 Nunc
1377 775 1504 818 etiam
1549 770 1828 822 rationem,
1875 779 1975 822 qua

301 869 411 909 tota
457 859 842 918 argumentatio
886 856 1131 899 instituta
1173 856 1216 896 et
1260 852 1506 895 constructa
1550 848 1636 902 sit,
1682 845 1846 901 quippe
1888 856 1975 898 qua

302 940 541 986 clarissime
585 937 834 980 universum
877 930 1087 977 Antiochi
1130 926 1467 985 philosophandi
1511 936 1648 980 genus
1693 922 1976 973 contineatur,

303 1017 492 1060 breviter
532 1011 810 1056 adumbrabo.
875 1010 930 1052 Et
970 1008 1014 1050 in
1055 1007 1193 1062 prima
1228 1008 1271 1048 et
1301 1004 1347 1046 in
1383 1004 1522 1045 altera
1554 1003 1678 1056 parte
1713 996 1977 1054 quaestionis

305 1093 472 1136 initium
517 1105 542 1133 a
585 1086 936 1133 conclusionibus
971 1081 1204 1137 Chrysippi
1247 1072 1407 1122 factiim
1453 1080 1533 1120 est:
1578 1078 1666 1119 tum
1713 1076 1864 1117 contra
1903 1084 1978 1114 eas

306 1166 616 1225 disputabatur,
640 1163 717 1209 sed
738 1164 811 1213 ita,
833 1164 880 1205 ut
902 1172 1048 1204 rursus
1072 1158 1255 1201 aliorum
1279 1155 1600 1211 opponerentur
1619 1148 1979 1208 philosophorum

308 1245 564 1296 sententiae3
599 1241 926 1285 discernebatur
950 1235 1119 1288 deinde,
1153 1247 1264 1288 quae
1288 1245 1343 1274 ex
1365 1230 1548 1285 singulis
1571 1226 1799 1283 probanda
1821 1226 1979 1277 essent,

308 1334 419 1377 quae
461 1316 763 1374 improbanda,
809 1314 938 1358 etiam
983 1325 1038 1354 ex
1081 1309 1336 1364 Chrysippo.
1412 1306 1662 1361 Apertum
1706 1302 1840 1345 enim
1885 1302 1981 1353 est,

308 1411 411 1441 non
470 1394 588 1438 ideo
644 1392 859 1436 maxime
914 1388 1210 1442 susceptam
1266 1395 1380 1426 esse
1435 1379 1868 1437 disputationem,
1929 1378 1983 1419 ut

310 1473 633 1527 Chrysippus
667 1467 1070 1524 propulsaretur
1104 1464 1153 1505 et
1185 1459 1553 1510 refelleretur,
1587 1468 1858 1511 quamquam,
1888 1466 1983 1496 cum

311 1547 556 1595 Antiochus
600 1547 693 1601 ipse
737 1543 919 1586 liberam
964 1553 1059 1584 esse
1104 1538 1374 1581 voluntatem
1421 1533 1617 1586 sentiret,
1661 1532 1706 1574 in
1750 1531 1841 1574 eius
1885 1542 1984 1573 con-

314 1627 528 1670 clusiones
562 1619 828 1666 intendenda
862 1620 972 1667 erat,
1013 1615 1102 1659 sed
1141 1617 1195 1657 ut
1229 1612 1576 1664 inveniretur,
1617 1607 1739 1663 quid
1774 1620 1828 1650 re
1861 1619 1988 1648 vera

315 1702 376 1745 de
409 1701 498 1744 fato
534 1700 647 1742 esset
678 1694 969 1739 iudicandum.
1000 1691 1066 1738 ,Id
1101 1692 1243 1733 autem
1276 1687 1407 1730 fiebat
1442 1682 1806 1740 disceptando:
1841 1680 1988 1724 modo

314 1775 611 1835 probando,
666 1772 813 1816 modo
868 1766 1137 1813 reiciendo
1194 1779 1254 1809 ex
1304 1762 1539 1807 omnibus
1589 1759 1866 1804 sententiis
1917 1760 1991 1800 aut

316 1855 458 1911 potius
493 1866 547 1896 ex
580 1848 818 1895 Carneadis
852 1850 895 1891 et
928 1844 1161 1901 Chrysippi
1195 1841 1439 1893 contrariis,
1485 1851 1623 1881 suam
1664 1835 1901 1891 eligebat
1943 1837 1991 1877 et

317 1927 683 1974 concinnabat.
747 1926 815 1967 Ita
855 1923 895 1965 ei
936 1921 1109 1975 obtigit,
1154 1921 1201 1961 ut
1234 1916 1558 1960 conclusionem
1592 1914 1715 1955 illam
1749 1913 1882 1967 plane
1917 1910 1991 1952 ab·

316 2006 490 2051 surdam
532 2002 867 2059 conglutinaret,
912 2011 1006 2042 esse
1046 1994 1257 2052 quaedam
1293 2007 1398 2037 vera
1432 2005 1486 2035 ex
1520 1989 1795 2041 aeternitate,
1839 1998 1992 2031 causas

318 2097 422 2127 vero
457 2095 512 2125 ex
545 2080 802 2123 aeternitate
835 2076 1058 2118 manantes
1094 2085 1182 2113 non
1215 2069 1390 2123 habere,
1424 2068 1569 2122 prlore
1602 2068 1725 2120 parte
1762 2063 1993 2117 Chrysippi

318 2158 556 2203 defendens
606 2155 661 2199 de
705 2149 1070 2196 enuntiationibus
1114 2146 1390 2198 sententiam,
1439 2142 1678 2198 posteriore
1724 2137 1992 2183 Carneadem

321 2236 505 2279 secutus.
570 2233 622 2275 In
655 2229 761 2287 §25
807 2230 1033 2281 utramque
1074 2222 1329 2267 sententiam
1367 2221 1609 2263 consertam
1644 2218 1686 2259 et
1720 2215 1993 2258 commixtam

321 2324 416 2355 esse
461 2321 590 2364 supra
634 2307 693 2361 (p.
721 2303 794 2362 19)
841 2301 1022 2345 ostendi.
1094 2299 1306 2351 Quoniam
1350 2309 1454 2338 vero
1498 2296 1693 2336 neutram
1738 2292 1870 2346 plane
1916 2290 1993 2331 im-

320 2386 539 2443 probavit,
601 2381 742 2424 neutri
795 2391 968 2434 prorsus
1022 2387 1222 2418 assensus
1280 2374 1360 2423 est,
1425 2369 1480 2412 ad
1535 2381 1625 2411 rem
1681 2364 1995 2409 absolvendam

324 2474 433 2519 opus
489 2460 527 2504 ei
581 2470 677 2502 esse
731 2454 958 2498 videbatur
1013 2450 1308 2493 demonstrare
1365 2445 1494 2488 etiam
1547 2443 1665 2499 ipsos
1721 2440 1995 2483 adversarios

322 2537 565 2582 nominibus
610 2536 776 2577 tantum
821 2530 1010 2581 differre,
1053 2540 1100 2569 re
1145 2535 1396 2578 congruere.
1467 2520 1590 2562 Talis
1634 2516 1888 2574 Philosophi
1930 2519 1997 2559 est

323 2614 464 2671 potius
498 2612 681 2654 aliorum
713 2604 989 2661 interpretari
1004 2602 1038 2659 1)
1073 2604 1115 2645 et
1138 2612 1310 2644 versare
1335 2596 1581 2647 sententias,
1614 2592 1833 2636 interdum
1857 2592 1998 2645 etiam,

325 2692 362 2734 si
396 2702 502 2744 opus
537 2690 642 2739 erat,
681 2686 725 2727 vi
758 2687 960 2737 torquere
994 2682 1036 2723 et
1068 2678 1285 2729 mutilare,
1320 2687 1447 2728 quam
1482 2671 1642 2714 audere
1679 2669 1732 2712 de
1766 2682 1842 2712 suo
1878 2681 2000 2711 suam

324 2763 532 2823 profiteri:
582 2761 636 2804 de
669 2760 718 2817 ἓξ
744 2761 800 2802 39
822 2771 914 2813 sqq.
946 2755 1058 2798 nihil
1100 2764 1277 2796 necesse
1317 2752 1382 2793 est
1417 2747 1600 2799 addere;
1646 2745 1798 2789 eadem
1831 2745 2001 2787 ratione

327 2843 378 2895 ἓξ
410 2840 468 2883 32
485 2852 548 2893 sq.
594 2835 863 2881 Carneadem
906 2831 962 2875 ad
1006 2843 1125 2874 suam
1170 2826 1428 2871 sententiam
1476 2822 1671 2875 deducit,
1716 2822 1848 2864 simili
1893 2821 1999 2877 §17

459 2975 488 3026 ¹)
515 2973 650 3014 Etiam
678 2971 728 3010 de
757 2970 841 3022 §82
870 2967 1063 3020 quoniam
1089 2964 1231 3016 iyitur,
1259 2961 1409 3012 inquit,
1437 2960 1598 2999 tantum
1625 2959 1779 2997 natura
1808 2969 1833 2995 a
1852 2958 2006 2995 ‘natura

331 3041 459 3082 distat
486 3069 494 3079 .
516 3069 524 3078 .
545 3069 554 3078 .
607 3037 692 3087 §92
729 3033 843 3073 Haec
879 3031 1094 3080 disserens,
1131 3040 1212 3079 qua
1239 3026 1285 3066 de
1311 3038 1353 3065 re
1380 3025 1529 3076 ayatur
1558 3054 1565 3062 .
1587 3054 1595 3062 .
1617 3053 1625 3061 .
1653 3033 1737 3061 ozon
1763 3020 1873 3060 videt
1900 3033 2007 3060 nunc

333 3105 500 3146 dubium
531 3114 611 3143 non
637 3100 708 3150 sit,
744 3098 841 3149 quin
866 3097 929 3136 his
956 3107 1038 3136 non
1063 3092 1323 3145 impediatur,
1361 3101 1443 3141 quo
1471 3088 1601 3127 minus
1628 3086 1780 3138 primae
1807 3085 1914 3136 parti
1940 3085 2008 3125 illa

330 3168 469 3211 brevis
503 3164 708 3206 conclusio
736 3160 955 3213 Chrysippi
986 3157 1197 3210 proposita
1223 3155 1364 3195 fuerit:
1401 3152 1628 3203 explicatur
1654 3150 1703 3190 ab
1731 3147 1938 3189 Antiocho
1967 3154 2010 3189 et

331 3233 522 3277 dilatatur
551 3227 752 3284 (conferas
778 3224 827 3279 ἐξ
848 3227 893 3266 41
925 3226 966 3264 et
994 3222 1071 3273 42).
