2334 3757
1847 233 1905 275 47

242 368 392 412 contra
419 365 701 425 philosophos
723 367 928 421 intentae,
962 366 1137 422 praeter
1159 360 1312 404 Sosum
1336 363 1390 414 et,
1424 371 1518 402 meo
1542 359 1712 414 quidem
1736 359 1907 412 iudicio,

240 440 494 490 κανονικά.
559 446 660 502 Ipsa
699 457 870 500 quoque
910 442 1083 485 indoles
1117 436 1328 481 Antiochi
1368 436 1503 491 magis
1542 435 1599 478 ad
1637 449 1759 479 usum
1794 437 1906 479 vitae

239 522 494 565 inclinabat:
539 522 784 578 aptissimus
816 519 950 574 igitur
983 517 1088 567 erat,
1122 513 1196 568 qui
1229 511 1337 555 adeo
1372 511 1696 555 accommodata
1728 516 1908 555 naturae

240 598 526 641 Romanorum
561 595 866 647 conscriberet,
901 591 1032 646 quale
1067 589 1121 631 de
1153 588 1223 631 fin.
1242 588 1315 631 IV.

366 674 482 727 Quas
521 671 834 728 disputationes
876 667 931 710 ab
966 664 1186 709 Antiocho
1225 665 1319 721 ipso
1360 665 1404 706 in
1444 665 1600 720 vulgus
1640 665 1775 708 editas
1810 678 1904 708 esse

238 764 364 794 nemo
403 751 488 792 iarn
520 747 746 798 infitiatur,
787 744 867 787 etsi
897 742 1202 798 inscriptiones
1237 754 1383 784 earum
1416 754 1624 796 nusquam
1658 741 1903 784 traduntur:

238 827 445 869 habemus
479 821 702 868 Ciceronis
743 833 840 862 cum
878 819 1170 862 testimonium
1212 817 1265 861 de
1303 818 1415 861 libro
1456 817 1513 860 ad
1546 818 1732 861 Balbum
1774 819 1902 861 misso

238 905 325 945 tum
359 902 477 957 ipsos
508 899 645 942 libros
679 908 928 949 conversos,
960 902 1040 951 pro
1075 894 1318 938 nominibus
1350 907 1431 937 res.
1480 893 1668 946 Quarum
1701 907 1788 937 una
1811 898 1904 938 erat

238 974 352 1035 περὶ
384 971 686 1033 εἱμαρμένης,
732 973 935 1015 Fortasse
969 972 1115 1026 aliquo
1149 971 1277 1014 modo
1312 970 1571 1013 cohaerebat
1603 984 1698 1013 cum
1733 984 1785 1013 ea
1819 971 1903 1013 dis-

237 1051 479 1107 putatione,
524 1062 635 1104 quae
679 1049 825 1103 (ac.II
859 1049 908 1102 ἓξ
935 1047 1150 1103 37—39)
1195 1047 1345 1089 mirum
1390 1049 1595 1102 quantum
1637 1047 1681 1088 in
1721 1045 1901 1089 eandem

237 1127 446 1182 prospicit
495 1124 549 1169 de
597 1125 801 1168 libertate
850 1125 1086 1167 voluntatis
1135 1126 1307 1167 nostrae
1351 1124 1625 1175 sententiam3
1680 1136 1775 1166 cum
1820 1122 1902 1164 hac

237 1205 379 1245 autem
413 1201 505 1245 sine
540 1200 670 1244 dubio
704 1201 934 1245 coniuncta
966 1202 1031 1244 est
1064 1201 1258 1255 quaestio
1281 1197 1392 1258 περὶ
1417 1196 1589 1252 τέλους
1612 1198 1694 1255 (ac.
1713 1199 1754 1240 H
1774 1198 1903 1253 29).1)

237 1278 362 1320 Ratio
406 1290 511 1319 vero
557 1276 826 1331 disceptandi
870 1276 1019 1319 eadem
1064 1279 1193 1330 atque
1236 1276 1281 1317 in
1325 1276 1437 1317 libro
1482 1274 1536 1317 de
1569 1274 1659 1316 fato
1692 1275 1905 1328 reperitur

236 1353 281 1394 in
322 1366 391 1406 eo,
437 1366 491 1395 ex
525 1365 609 1407 quo
643 1352 796 1396 Cicero
831 1354 1028 1407 quartum
1063 1365 1184 1394 suum
1219 1350 1272 1393 de
1306 1350 1463 1392 finibus
1497 1348 1711 1400 exhausit;
1755 1349 1903 1391 eodem

236 1431 442 1484 tempore,
477 1441 587 1483 quae
620 1441 684 1472 ac.
706 1428 727 1470 I
761 1427 810 1484 ἓξ
833 1427 888 1470 15
904 1440 998 1483 sqq.
1032 1426 1254 1480 docentur,
1288 1425 1489 1468 videntur
1523 1425 1768 1480 conscripta
1802 1437 1907 1466 esse.

363 1682 433 1725 De
458 1681 659 1725 Cicerowe
681 1682 945 1736 philosopho
970 1695 1081 1737 quae
1106 1694 1159 1724 ex
1183 1681 1436 1735 quaestione
1460 1694 1554 1724 mea
1578 1683 1910 1735 consequantur,

242 1759 304 1802 sic
338 1758 526 1801 breviter
560 1759 842 1814 complectar:

369 1836 404 1876 1.
460 1833 619 1877 Omnes
663 1837 810 1890 partes
855 1834 945 1876 eius
989 1834 1192 1889 propriae
1236 1834 1418 1876 oratoris
1463 1834 1676 1876 rationem
1721 1837 1765 1876 et
1805 1846 1907 1876 con-

237 1908 505 1952 suetudinem
547 1922 652 1964 prae
696 1922 743 1952 se
786 1908 946 1961 ferunt3
996 1922 1082 1952 non
1126 1910 1266 1964 potuit
1311 1909 1462 1952 Cicero
1508 1909 1718 1961 scribere,
1768 1909 1906 1951 libros

237 1988 354 2027 certe
392 1985 437 2025 in
477 1986 633 2039 vulgus
675 1984 885 2037 edendos,
924 1985 1008 2027 nisi
1045 1986 1243 2038 relapsus
1276 1985 1321 2026 in
1355 1985 1631 2037 quaestiones
1665 1984 1905 2026 rhetoricas

237 2062 280 2102 et
313 2060 479 2115 copiam
513 2059 742 2102 verborum
776 2063 1027 2114 ceterasque
1062 2063 1174 2102 artes
1209 2059 1430 2102 oratorias.
1474 2059 1627 2113 Itaque
1663 2060 1754 2101 eius
1788 2059 1905 2101 modi

236 2136 360 2190 signa
404 2136 588 2191 vestigia
630 2138 810 2191 possunt
853 2136 1099 2189 existimari,
1140 2136 1253 2178 tales
1296 2136 1417 2178 locos
1452 2135 1507 2178 ab
1541 2136 1636 2190 ipso
1670 2147 1764 2177 esse
1800 2147 1902 2177 con-

237 2211 432 2266 scriptos,

363 2287 404 2329 2.
457 2286 531 2330 Ad
575 2300 666 2330 rem
686 2315 692 2320 -
712 2287 766 2331 de
811 2301 887 2331 suo
933 2287 1044 2330 nihil
1087 2288 1233 2330 attulit
1271 2288 1317 2329 in
1352 2286 1643 2343 disputatione
1676 2290 1826 2330 nostra
1859 2290 1903 2330 et

236 2376 304 2417 ea,
349 2376 458 2417 quae
498 2362 674 2405 aliunde
708 2363 964 2418 adsumpsit,
1008 2364 1263 2418 plerumque
1309 2366 1432 2406 extra
1465 2377 1554 2406 rem
1589 2362 1901 2418 digrediuntur.

362 2439 402 2480 3.
457 2440 513 2482 Et
545 2439 654 2482 ratio
689 2442 791 2492 tota,
825 2452 911 2493 qua
945 2452 999 2482 ex
1031 2428 1150 2481 fonte
1183 2438 1338 2492 hausit,
1373 2441 1414 2481 et
1447 2441 1593 2493 partes
1627 2439 1682 2481 ab
1716 2439 1809 2494 ipso
1845 2439 1901 2481 ad

235 2515 481 2569 exemplum
521 2516 801 2569 genuinarum
840 2514 983 2558 factae
1023 2518 1066 2557 et
1107 2527 1272 2557 errores
1307 2515 1458 2557 mutati
1491 2514 1654 2557 ordinis
1688 2517 1901 2557 testantur

234 2587 486 2632 Ciceronem
508 2603 597 2632 non
618 2591 893 2646 perspexisse
915 2603 1056 2644 neque
1074 2590 1346 2632 intellexisse
1364 2603 1503 2643 neque
1522 2590 1766 2632 universam
1785 2603 1898 2632 com-

232 2664 488 2718 positionem
522 2679 663 2721 neque
698 2667 870 2722 singula
903 2668 1156 2721 argumenta
1188 2666 1486 2721 disputationis
1520 2665 1747 2718 Antiochi,
1783 2672 1899 2708 certe

233 2752 320 2782 non
359 2734 540 2784 alterius
572 2742 726 2797 partis,
774 2755 884 2798 quae
920 2741 1092 2797 quidem
1125 2741 1315 2784 difficilis
1349 2744 1414 2784 est
1446 2741 1501 2783 ad
1535 2741 1899 2796 intellegendum:

232 2828 373 2869 neque
406 2830 511 2859 vero
545 2819 649 2860 satis
683 2822 855 2861 strenue
890 2819 1156 2871 elaborabat,
1191 2817 1266 2860 sed
1300 2818 1435 2872 primo
1470 2820 1649 2872 aspectu
1680 2830 1775 2860 cum
1798 2832 1900 2873 pars

233 2905 302 2946 ea,
347 2904 458 2947 quae
499 2896 564 2936 est
601 2891 716 2953 περὶ
751 2891 998 2949 δυνατῶν,
1038 2907 1065 2936 a
1096 2894 1315 2950 proposito
1349 2892 1568 2936 videretur
1602 2893 1815 2949 incipere,
1856 2895 1900 2936 in

232 2969 451 3024 prooemio
486 2981 580 3011 eam
613 2970 782 3012 tertiam
816 2971 1084 3013 enumeravit
1116 2970 1245 3012 totius
1279 2969 1578 3025 disputationis
1612 2974 1798 3025 partem,
1846 2970 1899 3012 de

232 3047 355 3103 parte
387 3045 631 3102 insequenti
664 3046 835 3089 omnino
869 3046 1015 3090 tacuit.
1064 3046 1211 3101 Atque
1234 3045 1363 3088 etiam
1385 3048 1476 3088 tota
1498 3045 1607 3089 haec
1629 3046 1900 3102 singularum

360 3183 709 3239 0=va
