2320 3771
1878 237 1904 281 5

234 377 475 422 accuratius
515 374 689 421 doceret
727 388 895 420 omnem
935 373 1268 431 disputationem
1302 372 1494 414 nostram
1527 365 1737 412 Antiochi
1770 377 1906 422 genus

233 451 574 510 philosophandi
611 465 717 508 prae
757 465 802 495 se
842 451 976 507 ferre,
1022 449 1167 493 verbis
1199 448 1289 490 illis
1322 446 1406 489 hoc
1440 444 1680 488 clarissime
1714 442 1905 496 agnosci.

236 529 362 582 Quod
415 530 451 573 si
503 529 694 585 fecisset,
754 530 828 572 vix
881 531 984 583 puto
1039 526 1131 569 fieri
1185 524 1398 581 potuisse,
1453 524 1500 564 ut
1555 518 1856 564 Schmekelius
1875 517 1906 573 ¹)

235 606 349 660 inde,
383 606 497 662 quod
530 607 574 649 in
608 606 657 662 ἐξ
683 607 741 648 23
776 607 819 647 et
855 604 909 646 31
932 616 1024 658 sqq.
1059 615 1215 645 nomen
1249 598 1484 644 Carneadis
1517 595 1756 640 identidem
1790 608 1903 638 com-

236 685 511 738 memoratur,
556 682 844 738 suspicaretur
887 679 1002 721 hunc
1045 679 1117 721 vel
1163 675 1495 729 Clitomachum,
1541 687 1668 729 quem
1713 671 1906 726 magistri

235 761 470 803 sententias
514 758 744 801 memoriae
788 755 1030 810 prodidisse
1075 755 1306 808 constat,2)
1352 767 1378 795 a
1412 753 1619 796 Cicerone
1664 749 1904 792 adhibitum

236 849 348 890 esse,
393 849 478 890 qua
518 847 613 877 cum
648 833 896 876 coniectura
930 828 1040 890 §44
1075 833 1117 874 et
1150 829 1284 873 verba
1316 830 1397 871 illa
1431 831 1473 872 et
1507 827 1644 871 omnis
1678 838 1904 881 argumen-

235 911 357 954 tandi
389 911 498 952 ratio
532 910 655 951 nullo
690 907 816 950 modo
851 908 1092 949 concinunt.
1160 904 1284 956 Quod
1318 908 1459 946 autem
1493 902 1792 945 Schmekelius
1827 914 1905 955 per

237 1001 282 1031 se
317 990 430 1030 staro
464 984 639 1029 confidit
673 984 730 1040 (p.
758 984 877 1037 167),
911 982 1112 1037 quoniam
1148 981 1193 1023 in
1225 980 1347 1022 libris
1382 980 1435 1021 de
1469 982 1623 1021 natura
1657 977 1833 1020 deorum
1864 979 1906 1019 et

238 1063 291 1106 de
338 1061 606 1104 divinatione
650 1059 775 1103 editis
822 1059 972 1102 Cicero
1012 1056 1296 1100 Academiam
1341 1058 1527 1098 sectatus
1572 1054 1645 1107 sit,
1691 1054 1747 1096 ad
1791 1052 1907 1094 hunc

238 1153 409 1195 quoque
441 1138 641 1181 libellum
676 1134 987 1181 Clitomachum
1022 1148 1118 1178 eum
1153 1133 1446 1188 assumpsisse,
1480 1130 1784 1187 probabilitate
1819 1142 1907 1171 non

239 1218 358 1258 earet
401 1217 443 1257 et
487 1214 648 1269 optime
682 1212 910 1255 adiuvatur
943 1210 1186 1266 suspicione
1219 1207 1502 1261 Schmekelii,
1547 1207 1591 1249 in
1626 1204 1816 1249 secundo
1853 1204 1905 1246 de

239 1291 505 1334 divinatione
543 1290 654 1332 libro
688 1288 786 1331 ideo
819 1301 906 1330 non
939 1285 1193 1341 responderi
1227 1284 1283 1327 ad
1317 1285 1572 1338 argumenta
1605 1281 1845 1325 Stoicorum
1882 1294 1907 1322 a

238 1366 327 1409 fato
376 1365 580 1420 repetita,
630 1362 746 1417 quod
791 1363 942 1406 Cicero
994 1374 1089 1403 eam
1139 1363 1307 1415 partem
1357 1359 1499 1413 operis
1544 1355 1804 1401 Clitomachi
1852 1355 1907 1397 ad

239 1444 432 1484 nostrum
465 1439 665 1481 libellum
699 1436 1056 1480 conscribendum
1089 1435 1341 1490 reposuerit.
1391 1435 1453 1476 At
1485 1432 1656 1488 pondus
1690 1431 1793 1483 §44
1826 1430 1909 1472 hac

240 1517 408 1559 ratione
441 1527 715 1569 nequaquam
737 1514 920 1557 tollitur.
974 1512 1127 1566 Itaque
1152 1511 1351 1553 Stuevius
1367 1510 1400 1563 3)
1426 1508 1474 1564 ἐξ
1493 1507 1679 1549 41—45
1703 1505 1912 1549 Antiochi

242 1605 334 1635 esse
353 1591 559 1634 iudicavit
578 1588 810 1633 Gerckium
828 1589 1011 1641 secutus,
1036 1590 1181 1630 cetera
1200 1584 1415 1629 Carneadi
1432 1583 1621 1638 reliquit,
1646 1580 1912 1625 Schmekelii

243 1669 393 1711 ductus
453 1667 718 1709 auctoritate.
800 1666 867 1707 De
927 1664 1206 1719 dispositione
1257 1664 1399 1703 autem
1450 1663 1492 1702 et
1542 1658 1911 1714 argumentatione

243 1743 508 1797 singularum
553 1741 736 1796 partium
769 1753 868 1782 raro
903 1751 1029 1781 ausus
1065 1741 1129 1780 est
1161 1737 1379 1792 propriam
1414 1734 1607 1790 profiteri
1642 1733 1912 1784 sententiam,

243 1830 440 1871 quaeque
488 1830 602 1858 nova
650 1816 850 1869 protulit,
899 1814 1025 1869 parvi
1074 1814 1147 1854 vel
1196 1812 1360 1853 nullius
1411 1813 1510 1852 sunt
1562 1808 1784 1859 momenti;
1836 1806 1912 1849 sed

243 1893 437 1948 singulos
490 1892 612 1934 locos
668 1890 998 1945 diligentissime
1052 1887 1332 1944 perlustravit
1382 1888 1425 1927 et
1472 1883 1725 1927 illustravit.
1807 1881 1914 1923 Sunt

243 1972 397 2020 autem,
431 1980 541 2020 quae
565 1965 866 2011 Schmekelius
901 1964 954 2007 de
988 1964 1298 2018 compositione
1333 1962 1537 2003 universa
1571 1962 1613 2002 et
1643 1958 1695 2001 de
1718 1957 1913 2012 partibus

244 2043 424 2099 singulis
478 2042 702 2095 iudicavit,
761 2043 824 2084 tot
877 2040 1096 2094 tantisque
1150 2039 1283 2094 plena
1339 2036 1571 2089 erroribus,
1626 2037 1673 2076 ut
1728 2033 1912 2076 maxime

243 2120 533 2163 necessarium
574 2118 774 2161 videatur
813 2130 908 2160 esse
947 2117 993 2158 in
1026 2116 1139 2159 hanc
1173 2126 1344 2170 quoque
1379 2126 1468 2155 rem
1504 2111 1646 2154 denuo
1680 2110 1912 2164 inquirere,

242 2196 494 2252 praesertim
550 2208 645 2238 cum
695 2192 890 2249 Hoyer4)
945 2205 1088 2247 neque
1144 2202 1310 2234 errores
1364 2188 1442 2231 hos
1493 2185 1761 2230 Schmekelii
1815 2197 1911 2239 per·

245 2272 436 2328 spexerit
468 2284 609 2325 neque
642 2283 758 2313 nova
790 2269 847 2311 ad
874 2268 1141 2323 probandam
1167 2265 1343 2310 Gerckii
1372 2264 1627 2308 sententiam
1658 2263 1914 2316 argumenta

245 2348 449 2391 attulerit.
497 2346 678 2389 Videtur
712 2348 853 2388 autem
887 2343 991 2386 mihi
1022 2343 1092 2385 vir
1125 2341 1391 2385 acutissimus
1424 2340 1469 2381 in
1501 2338 1580 2381 hos
1615 2348 1785 2380 errores
1813 2335 1913 2377 ideo

247 2425 452 2480 delapsus
494 2436 604 2475 esse,
649 2421 765 2477 quod
800 2421 852 2463 ab
888 2433 939 2462 63
971 2421 1095 2474 parte
1128 2418 1231 2460 libri
1265 2429 1386 2459 orsus
1421 2418 1486 2458 est
1518 2415 1756 2469 inquirere,
1802 2424 1913 2465 quae

246 2502 391 2558 periit:
434 2502 692 2557 plerumque
739 2498 852 2541 enim
895 2497 1104 2540 incertum
1149 2497 1214 2538 est
1258 2506 1311 2536 ex
1355 2490 1606 2547 fragmentis
1645 2488 1762 2545 apud
1803 2488 1913 2531 alios

247 2578 477 2632 scriptores
513 2576 695 2618 servatis
729 2575 782 2616 de
815 2574 937 2615 libris
970 2572 1087 2627 ipsis,
1120 2570 1235 2612 unde
1268 2570 1348 2610 illa
1380 2568 1534 2610 hausta
1566 2569 1675 2617 sunt,
1708 2564 1915 2606 iudicare.

246 2655 400 2709 Itaque
433 2653 670 2708 praestabit
702 2652 885 2708 primum
918 2663 971 2693 ea
1003 2651 1203 2701 tractare,
1237 2660 1347 2702 quae
1381 2646 1550 2698 integra
1584 2641 1639 2685 ad
1672 2654 1750 2683 nos
1784 2652 1915 2682 vene-

247 2734 363 2783 runt3
415 2730 468 2773 de
517 2732 640 2785 parte
691 2727 918 2784 deperdita
965 2728 1181 2782 postremo
1232 2722 1523 2766 fundamentis
1567 2719 1747 2762 solidius
1791 2716 1915 2759 iactis

248 2810 384 2860 caute,
417 2819 529 2860 quae
562 2819 617 2848 ex
650 2805 905 2859 fragmentis
941 2803 1039 2845 duci
1071 2802 1247 2857 possint,
1283 2811 1559 2854 exponemus.

376 2919 409 2967 ¹)
435 2915 698 2966 Philosophie
726 2915 798 2954 der
822 2913 1024 2953 mittleren
1051 2912 1149 2953 Stoa
1176 2909 1323 2961 (Berol.
1347 2908 1461 2958 1892)
1488 2920 1527 2957 p.
1552 2910 1620 2946 155
1636 2917 1726 2955 sqq.

375 2982 390 3005 2
611 2979 618 2990 ⁸
692 2987 700 2995 .

376 2982 409 3094 δὲ
436 2980 509 3083 23
529 2978 734 3082 ἓίοἷῐᾏῗιὶὶὲ
771 3041 823 3080 (16
856 3040 943 3079 fato
977 3037 1123 3078 librum
1151 3037 1352 3076 observat.
1383 3034 1533 3083 variae,
1572 3032 1669 3072 diss.
1698 3031 1778 3071 Kil.
1810 3033 1922 3071 1895.

377 3109 409 3160 ⁴)
436 3108 538 3149 Mus.
558 3105 685 3147 Rhen.
704 3103 801 3145 LIII
829 3105 925 3144 1898
952 3115 992 3154 p.
1009 3105 1056 3142 64
1073 3113 1132 3152 sq.
