2334 3757
1910 258 1969 301 25

300 388 341 432 si
373 388 469 442 qais
501 388 606 432 velit
636 389 749 433 idem
775 389 949 445 referre,
973 423 981 432 .
1001 422 1010 432 .
1030 425 1039 434 .
1062 388 1177 432 nihil
1206 388 1335 432 dicat.
1379 387 1538 430 Postea
1560 385 1703 430 denuo
1727 386 1970 429 nominatur

300 467 430 521 atque
463 467 639 522 planum
664 470 728 511 est
750 466 833 511 hoc
855 466 954 511 ideo
977 465 1081 523 fieri,
1116 465 1232 522 quod
1254 479 1369 509 nova
1393 464 1484 508 eius
1507 464 1715 520 repetitur
1737 464 1969 507 sententia:

299 556 387 585 non
427 555 530 586 casu
569 542 633 600 fit,
680 543 795 600 quod
836 557 888 587 ea
926 558 1005 600 per
1045 544 1282 587 orationem
1316 542 1539 596 obliquam
1572 540 1790 583 inducitur
1821 540 1866 597 (ξ
1891 542 1969 583 32;

298 618 458 673 Itaque
491 620 701 664 dicebat
734 619 1079 664 Carneades...
1145 619 1272 676 §332
1308 652 1385 662 ...
1421 618 1666 662 censebat
1755 616 1796 674 .).
1848 616 1969 669 Quae

298 697 385 738 tam
428 697 601 752 copiose
645 696 858 739 disserere
902 709 990 739 non
1032 708 1211 740 necesse
1256 699 1388 749 esset,
1433 695 1517 738 nisi
1549 692 1854 738 Schmekelius
1899 692 1969 735 hic

298 785 468 827 quoque
502 785 554 815 ea
586 772 863 827 neglexisset.
915 773 1053 815 Nemo
1085 773 1169 815 iam
1204 771 1352 815 credat
1375 771 1627 815 Ciceronem
1663 783 1717 813 ex
1741 768 1968 814 Carneade

297 849 371 889 vel
404 846 671 891 Clitomacho
715 848 776 889 ita
814 847 1029 901 hausisse,
1073 850 1119 890 ut
1157 849 1328 903 reliqua
1360 861 1437 902 per
1471 847 1710 889 orationem
1745 845 1967 898 directam,

296 922 430 977 ipsius
470 922 725 976 sententias,
768 922 900 978 idque
940 925 982 966 et
1020 923 1065 965 in
1104 923 1210 979 §23
1248 926 1290 966 et
1322 926 1467 966 nostro
1500 924 1600 966 loco
1634 922 1840 976 iteratim,
1889 934 1968 977 per

299 998 521 1053 obliquam
569 997 840 1041 reddidisset.
906 998 992 1042 Sed
1042 1001 1115 1041 aut
1164 999 1256 1054 ipse
1304 1002 1437 1042 totam
1487 999 1600 1042 hanc
1648 1002 1816 1054 partem
1863 1011 1963 1041 con-

299 1074 471 1128 scripsit
513 1076 555 1116 et
599 1073 831 1130 Chrysippi
875 1077 917 1117 et
958 1074 1192 1118 Carneadis
1236 1076 1459 1117 sententiis
1505 1088 1558 1117 ex
1604 1075 1708 1130 ipsis
1752 1075 1965 1127 collectis,

298 1152 372 1192 aut
415 1150 451 1192 si
494 1164 581 1193 non
624 1152 715 1205 ipse
761 1151 958 1207 collegit,
1004 1151 1131 1194 etiam
1167 1150 1399 1194 Carneadis
1444 1151 1747 1194 conclusiones
1787 1164 1842 1194 ex
1876 1151 1964 1193 alio

297 1225 506 1281 scriptore
539 1226 729 1281 sumpsit.

423 1286 671 1344 Arcessitur
718 1302 849 1356 igitur
899 1316 925 1343 a
973 1301 1236 1356 philosopho
1281 1305 1427 1345 nostro
1474 1305 1625 1345 contra
1672 1305 1806 1344 totam
1850 1303 1967 1344 illud

295 1389 442 1431 aenas,
476 1376 682 1432 imprimis
717 1379 866 1420 contra
900 1376 1201 1432 Chrysippum,
1236 1376 1472 1420 Carneadis
1508 1378 1741 1430 conclusio,
1776 1378 1965 1420 maxima

297 1454 340 1494 et
383 1452 638 1506 gravissima
679 1451 889 1495 videlicet
931 1455 978 1495 ut
1020 1453 1065 1494 in
1111 1465 1275 1494 summo
1320 1452 1584 1495 discrimine:
1631 1465 1758 1508 quem
1803 1453 1965 1495 iudica-

296 1528 412 1571 visse
445 1529 575 1572 ntnn's
610 1529 925 1572 inconsiderate
959 1529 1210 1573 conclusam
1245 1541 1335 1573 esse
1367 1529 1489 1571 illam
1512 1530 1754 1572 naturalem
1778 1530 1966 1573 omnium

295 1617 436 1647 rerum
481 1605 806 1659 colligationem
838 1607 1017 1661 illisque
1050 1605 1345 1661 respondisse:
1393 1606 1429 1648 si
1463 1606 1607 1648 omnia
1640 1605 1792 1649 fierent
1827 1607 1966 1649 causis

298 1680 672 1736 antecedentibus,
720 1682 926 1736 potestati
974 1684 1147 1724 nostrae
1196 1682 1363 1724 nullum
1407 1685 1571 1725 restare
1616 1683 1821 1737 spatium;
1872 1695 1967 1725 esse

297 1758 439 1799 autem
483 1755 649 1811 aliquid
693 1757 738 1799 in
781 1759 996 1812 potestate
1040 1760 1208 1812 nostra,
1253 1771 1355 1813 ergo
1400 1771 1487 1801 non
1521 1758 1666 1801 omnia
1699 1757 1791 1802 fieri
1826 1759 1965 1802 causis

299 1831 676 1876 antecedentibus:
711 1846 761 1876 eo
795 1832 942 1876 refelli
974 1835 1278 1877 necessitatem
1311 1834 1401 1877 fati.

423 1908 544 1952 Haec
578 1909 797 1952 conclusio
829 1909 965 1964 plana
1000 1912 1042 1952 et
1076 1909 1270 1952 dilucida
1303 1913 1378 1963 est,
1413 1910 1551 1953 minus
1586 1923 1695 1965 quae
1731 1913 1753 1964 ξ
1780 1912 1837 1953 32
1862 1911 1965 1954 inde

298 1984 503 2039 consequi
548 1983 757 2027 dicuntur.
831 1985 1088 2040 Coniungi
1134 1985 1344 2029 videtur
1387 1999 1495 2029 cum
1539 1985 1633 2029 hac
1679 1986 1963 2030 Carneadis

294 2060 635 2105 conclusione
702 2061 920 2105 Diodori
983 2059 1116 2121 περὶ
1183 2060 1451 2108 δυνατῶν
1517 2063 1804 2106 sententia:
1870 2064 1962 2106 iure

294 2135 562 2179 Carneadem
598 2135 652 2178 de
686 2137 914 2180 veritate
947 2136 1186 2180 futurorum
1220 2137 1329 2180 nihil
1363 2139 1643 2193 conclusisse,
1684 2151 1840 2194 nempe
1875 2152 1963 2181 non

294 2210 475 2254 dixisse:
510 2213 550 2254 si
583 2225 726 2254 omne
757 2214 995 2266 futuram
1031 2226 1085 2256 ex
1120 2215 1437 2256 aeternitate
1469 2227 1639 2256 veram
1675 2217 1747 2264 est,
1782 2214 1859 2257 sed
1883 2215 1961 2257 sic:

292 2287 332 2330 si
380 2288 553 2330 omnia
604 2289 1036 2332 antecedentibus
1086 2291 1262 2332 causis
1305 2290 1471 2343 fiant:
1515 2288 1609 2332 hoc
1655 2288 1768 2331 effici
1814 2291 1962 2332 omnia

293 2363 572 2418 colliyatione
614 2365 817 2406 natarali
861 2368 1051 2408 conserte
1091 2368 1363 2418 conteoeteque
1393 2365 1505 2418 fieri,
1551 2378 1655 2420 ergo
1690 2364 1823 2407 fatum
1860 2379 1961 2408 eon-

290 2438 470 2493 firmari,
517 2439 618 2482 illo
662 2453 750 2482 non
792 2441 874 2483 ita:
918 2442 1095 2483 multum
1140 2441 1251 2483 enim
1297 2440 1486 2496 differre,
1531 2443 1671 2483 utrum
1712 2444 1961 2485 aeternae

293 2527 478 2558 causae
524 2516 730 2571 (naturali
764 2516 1061 2571 colligatione)
1106 2515 1297 2558 efficiant
1337 2515 1513 2559 futura
1552 2530 1696 2570 vera,
1741 2530 1798 2559 an
1833 2518 1963 2561 etiam

291 2591 406 2635 sine
457 2604 509 2635 ea
560 2604 828 2635 causarum
879 2591 1192 2635 aeternitate
1242 2591 1417 2635 futura
1465 2593 1634 2648 possint
1683 2606 1808 2637 vera
1856 2607 1963 2639 esse.

290 2666 493 2709 Difficilis
539 2670 603 2709 est
645 2670 874 2721 perspectu
917 2668 952 2708 is
991 2669 1113 2709 locus
1152 2671 1330 2722 propter
1370 2669 1568 2711 notiones
1609 2671 1880 2713 aeternitatis
1921 2674 1964 2713 et

288 2742 549 2784 naturalium
594 2754 819 2785 causarum
862 2743 1105 2798 promiscue
1149 2746 1388 2799 usurpatas.
1453 2745 1509 2787 Et
1540 2748 1713 2789 tenetur
1748 2747 1965 2790 sententia

289 2816 470 2861 Diodori
511 2819 600 2872 aut,
647 2816 762 2872 quod
807 2817 909 2862 inde
954 2817 1076 2862 duxit
1118 2818 1406 2876 philosophus
1446 2823 1611 2876 noster,
1657 2822 1786 2865 etiam
1820 2822 1965 2867 futura

289 2897 363 2936 aut
410 2907 515 2936 vera
564 2896 637 2935 aut
685 2893 802 2936 falsa
851 2906 963 2948 esse,
1013 2898 1056 2937 et
1096 2896 1305 2950 probatur
1350 2897 1587 2940 Carneadis
1632 2900 1844 2941 naturalis
1891 2901 1965 2942 vel

290 2976 492 3014 aeternae
547 2983 772 3014 causarum
828 2971 1123 3026 colligationis
1177 2971 1392 3016 refutatio.
1479 2974 1564 3028 Ita,
1626 2988 1715 3018 non
1771 2977 1964 3031 aliter,¹)

417 3082 448 3130 1)
476 3080 587 3120 Loco
615 3082 754 3120 nostro
774 3079 1075 3121 Schmekelium
1102 3082 1158 3132 (p.
1176 3082 1264 3133 170)
1294 3082 1501 3134 complura
1527 3083 1631 3124 falso
1658 3084 1966 3136 interpretatum

290 3156 381 3185 esse
415 3147 525 3184 reete
560 3143 822 3194 reprehendit
848 3143 1051 3184 Stuevius.
1105 3145 1168 3185 De
1202 3146 1279 3186 hac
1311 3158 1409 3187 vero
1437 3147 1697 3189 distinctione
1725 3150 1879 3200 optime
1907 3151 1967 3190 sic

289 3209 447 3250 censuit
483 3208 537 3259 (p.
562 3208 642 3259 13):
681 3208 766 3258 „Re
800 3218 900 3248 vera
935 3208 1039 3249 enim
1076 3209 1302 3250 differentia
1336 3224 1415 3252 non
1451 3215 1532 3252 tam
1566 3213 1606 3252 in
1641 3225 1689 3253 eo
1724 3214 1858 3264 posita
1891 3219 1964 3265 est,
