<?xml version="1.0" encoding="UTF-8"?>
<!DOCTYPE html PUBLIC "-//W3C//DTD XHTML 1.0 Transitional//EN"
    "http://www.w3.org/TR/xhtml1/DTD/xhtml1-transitional.dtd">
<html xmlns="http://www.w3.org/1999/xhtml" xml:lang="en" lang="en">
 <head>
  <title>
</title>
<meta http-equiv="Content-Type" content="text/html;charset=utf-8" />
  <meta name='ocr-system' content='tesseract 3.04.00' />
  <meta name='ocr-capabilities' content='ocr_page ocr_carea ocr_par ocr_line ocrx_word'/>
</head>
<body>
  <div class='ocr_page' id='page_1' title='image "./4626154_0048.png"; bbox 0 0 2320 3786; ppageno 0'>
   <div class='ocr_carea' id='block_1_1' title="bbox 1944 280 2001 323">
    <p class='ocr_par' dir='ltr' id='par_1_1' title="bbox 1944 280 2001 323">
     <span class='ocr_line' id='line_1_1' title="bbox 1944 280 2001 323; baseline 0 0"><span class='ocrx_word' id='word_1_1' title='bbox 1944 280 2001 323; x_wconf 86' lang='lat'>39</span> 
     </span>
    </p>
   </div>
   <div class='ocr_carea' id='block_1_2' title="bbox 332 407 2009 1155">
    <p class='ocr_par' dir='ltr' id='par_1_2' title="bbox 333 407 2009 929">
     <span class='ocr_line' id='line_1_2' title="bbox 335 407 2007 472; baseline -0.005 -14"><span class='ocrx_word' id='word_1_2' title='bbox 335 413 518 472; x_wconf 80' lang='lat' dir='ltr'><strong>primam</strong></span> <span class='ocrx_word' id='word_1_3' title='bbox 559 414 682 458; x_wconf 89' lang='lat' dir='ltr'>illam</span> <span class='ocrx_word' id='word_1_4' title='bbox 726 413 780 459; x_wconf 91' lang='lat' dir='ltr'>de</span> <span class='ocrx_word' id='word_1_5' title='bbox 822 414 1011 459; x_wconf 89' lang='lat' dir='ltr'>moribus</span> <span class='ocrx_word' id='word_1_6' title='bbox 1058 416 1100 458; x_wconf 88' lang='lat' dir='ltr'>et</span> <span class='ocrx_word' id='word_1_7' title='bbox 1145 413 1350 456; x_wconf 89' lang='lat' dir='ltr'>libertate</span> <span class='ocrx_word' id='word_1_8' title='bbox 1395 408 1633 453; x_wconf 87' lang='lat' dir='ltr'>voluntatis</span> <span class='ocrx_word' id='word_1_9' title='bbox 1672 410 1841 464; x_wconf 87' lang='lat' dir='ltr'>partem</span> <span class='ocrx_word' id='word_1_10' title='bbox 1875 407 2007 450; x_wconf 91' lang='lat' dir='ltr'>aliam</span> 
     </span>
     <span class='ocr_line' id='line_1_3' title="bbox 337 486 2009 547; baseline -0.005 -13"><span class='ocrx_word' id='word_1_11' title='bbox 337 493 627 547; x_wconf 86' lang='lat' dir='ltr'>antegressam</span> <span class='ocrx_word' id='word_1_12' title='bbox 674 504 785 546; x_wconf 86' lang='lat' dir='ltr'>esse,</span> <span class='ocrx_word' id='word_1_13' title='bbox 831 505 917 546; x_wconf 92' lang='lat' dir='ltr'>qua</span> <span class='ocrx_word' id='word_1_14' title='bbox 951 490 1004 534; x_wconf 92' lang='lat' dir='ltr'>de</span> <span class='ocrx_word' id='word_1_15' title='bbox 1039 489 1128 533; x_wconf 88' lang='lat' dir='ltr'>fato</span> <span class='ocrx_word' id='word_1_16' title='bbox 1161 490 1256 545; x_wconf 90' lang='lat' dir='ltr'>ipso</span> <span class='ocrx_word' id='word_1_17' title='bbox 1291 486 1635 544; x_wconf 87' lang='lat' dir='ltr'>quae1·e1·etur,¹)</span> <span class='ocrx_word' id='word_1_18' title='bbox 1682 497 1822 539; x_wconf 90' lang='lat' dir='ltr'>neque</span> <span class='ocrx_word' id='word_1_19' title='bbox 1856 486 2009 539; x_wconf 88' lang='lat' dir='ltr'>postea</span> 
     </span>
     <span class='ocr_line' id='line_1_4' title="bbox 336 559 2007 623; baseline -0.005 -12"><span class='ocrx_word' id='word_1_20' title='bbox 336 566 393 611; x_wconf 85' lang='lat' dir='ltr'>ad</span> <span class='ocrx_word' id='word_1_21' title='bbox 425 566 696 612; x_wconf 87' lang='lat' dir='ltr'>refutandum</span> <span class='ocrx_word' id='word_1_22' title='bbox 730 567 1020 623; x_wconf 83' lang='lat' dir='ltr'>Chrysippum</span> <span class='ocrx_word' id='word_1_23' title='bbox 1054 568 1128 609; x_wconf 84' lang='lat' dir='ltr'>aut</span> <span class='ocrx_word' id='word_1_24' title='bbox 1160 565 1327 610; x_wconf 87' lang='lat' dir='ltr'>Stoicos</span> <span class='ocrx_word' id='word_1_25' title='bbox 1361 577 1388 607; x_wconf 90' lang='lat' dir='ltr'>a</span> <span class='ocrx_word' id='word_1_26' title='bbox 1423 562 1634 608; x_wconf 82' lang='lat' dir='ltr'><strong>Cicerone</strong></span> <span class='ocrx_word' id='word_1_27' title='bbox 1668 559 1846 604; x_wconf 82' lang='lat' dir='ltr'>aliunde</span> <span class='ocrx_word' id='word_1_28' title='bbox 1879 572 2007 615; x_wconf 89' lang='lat' dir='ltr'>argu-</span> 
     </span>
     <span class='ocr_line' id='line_1_5' title="bbox 335 637 2007 697; baseline -0.005 -10"><span class='ocrx_word' id='word_1_29' title='bbox 335 648 478 688; x_wconf 89' lang='lat' dir='ltr'>menta</span> <span class='ocrx_word' id='word_1_30' title='bbox 522 645 669 688; x_wconf 87' lang='lat' dir='ltr'>addita</span> <span class='ocrx_word' id='word_1_31' title='bbox 712 647 811 687; x_wconf 89' lang='lat' dir='ltr'>sunt</span> <span class='ocrx_word' id='word_1_32' title='bbox 854 642 911 685; x_wconf 91' lang='lat' dir='ltr'>ad</span> <span class='ocrx_word' id='word_1_33' title='bbox 949 643 1089 697; x_wconf 89' lang='lat' dir='ltr'>ipsum</span> <span class='ocrx_word' id='word_1_34' title='bbox 1122 641 1256 685; x_wconf 88' lang='lat' dir='ltr'>fatum</span> <span class='ocrx_word' id='word_1_35' title='bbox 1289 640 1554 696; x_wconf 82' lang='lat' dir='ltr'><strong>pertinentia</strong></span> <span class='ocrx_word' id='word_1_36' title='bbox 1586 651 1729 692; x_wconf 90' lang='lat' dir='ltr'>neque</span> <span class='ocrx_word' id='word_1_37' title='bbox 1762 637 1917 680; x_wconf 88' lang='lat' dir='ltr'>scimus</span> <span class='ocrx_word' id='word_1_38' title='bbox 1952 649 2007 679; x_wconf 85' lang='lat' dir='ltr'>ex</span> 
     </span>
     <span class='ocr_line' id='line_1_6' title="bbox 333 713 2005 778; baseline -0.006 -14"><span class='ocrx_word' id='word_1_39' title='bbox 333 721 457 764; x_wconf 90' lang='lat' dir='ltr'>libris</span> <span class='ocrx_word' id='word_1_40' title='bbox 506 722 596 764; x_wconf 88' lang='lat' dir='ltr'>eius</span> <span class='ocrx_word' id='word_1_41' title='bbox 609 718 646 778; x_wconf 83' lang='grc'>2)</span> <span class='ocrx_word' id='word_1_42' title='bbox 694 721 839 762; x_wconf 89' lang='lat' dir='ltr'>locum</span> <span class='ocrx_word' id='word_1_43' title='bbox 888 720 1060 773; x_wconf 90' lang='lat' dir='ltr'>praeter</span> <span class='ocrx_word' id='word_1_44' title='bbox 1109 730 1172 760; x_wconf 86' lang='lat' dir='ltr'>ac.</span> <span class='ocrx_word' id='word_1_45' title='bbox 1200 717 1244 760; x_wconf 91' lang='lat'>11</span> <span class='ocrx_word' id='word_1_46' title='bbox 1278 719 1328 770; x_wconf 61' lang='grc' dir='ltr'>ἐξ</span> <span class='ocrx_word' id='word_1_47' title='bbox 1354 716 1548 759; x_wconf 85' lang='grc'><strong>37-39</strong></span> <span class='ocrx_word' id='word_1_48' title='bbox 1599 713 1655 756; x_wconf 87' lang='lat' dir='ltr'>ad</span> <span class='ocrx_word' id='word_1_49' title='bbox 1706 713 2005 769; x_wconf 90' lang='lat' dir='ltr'>quaestionem</span> 
     </span>
     <span class='ocr_line' id='line_1_7' title="bbox 333 787 2006 850; baseline -0.006 -11"><span class='ocrx_word' id='word_1_50' title='bbox 333 800 523 839; x_wconf 89' lang='lat' dir='ltr'>nostram</span> <span class='ocrx_word' id='word_1_51' title='bbox 566 796 851 850; x_wconf 79' lang='lat' dir='ltr'>spectantem,</span> <span class='ocrx_word' id='word_1_52' title='bbox 896 793 968 847; x_wconf 91' lang='lat' dir='ltr'>qui</span> <span class='ocrx_word' id='word_1_53' title='bbox 1012 792 1050 835; x_wconf 89' lang='lat' dir='ltr'>ei</span> <span class='ocrx_word' id='word_1_54' title='bbox 1093 792 1138 834; x_wconf 89' lang='lat' dir='ltr'>in</span> <span class='ocrx_word' id='word_1_55' title='bbox 1170 792 1417 835; x_wconf 81' lang='lat' dir='ltr'>memoriam</span> <span class='ocrx_word' id='word_1_56' title='bbox 1451 790 1593 834; x_wconf 90' lang='lat' dir='ltr'>redire</span> <span class='ocrx_word' id='word_1_57' title='bbox 1627 789 1834 845; x_wconf 90' lang='lat' dir='ltr'>potuerit,</span> <span class='ocrx_word' id='word_1_58' title='bbox 1878 787 2006 830; x_wconf 90' lang='lat' dir='ltr'>nulla</span> 
     </span>
     <span class='ocr_line' id='line_1_8' title="bbox 335 867 1212 929; baseline -0.007 -13"><span class='ocrx_word' id='word_1_59' title='bbox 335 872 525 929; x_wconf 86' lang='lat' dir='ltr'>cogimur</span> <span class='ocrx_word' id='word_1_60' title='bbox 560 883 705 924; x_wconf 88' lang='lat' dir='ltr'>causa,</span> <span class='ocrx_word' id='word_1_61' title='bbox 737 871 785 912; x_wconf 89' lang='lat' dir='ltr'>ut</span> <span class='ocrx_word' id='word_1_62' title='bbox 817 867 861 911; x_wconf 92' lang='lat' dir='ltr'>id</span> <span class='ocrx_word' id='word_1_63' title='bbox 896 867 1212 924; x_wconf 78' lang='lat' dir='ltr'>suspicemur.3)</span> 
     </span>
    </p>

    <p class='ocr_par' dir='ltr' id='par_1_3' title="bbox 332 940 2005 1155">
     <span class='ocr_line' id='line_1_9' title="bbox 460 940 2005 1002; baseline -0.005 -12"><span class='ocrx_word' id='word_1_64' title='bbox 460 949 611 1002; x_wconf 88' lang='lat' dir='ltr'>Itaque</span> <span class='ocrx_word' id='word_1_65' title='bbox 636 946 689 988; x_wconf 87' lang='lat' dir='ltr'>de</span> <span class='ocrx_word' id='word_1_66' title='bbox 707 945 917 988; x_wconf 81' lang='lat' dir='ltr'>Antiochi</span> <span class='ocrx_word' id='word_1_67' title='bbox 939 944 1227 999; x_wconf 89' lang='lat' dir='ltr'>disputatione</span> <span class='ocrx_word' id='word_1_68' title='bbox 1250 956 1480 998; x_wconf 89' lang='lat' dir='ltr'>perpauca,</span> <span class='ocrx_word' id='word_1_69' title='bbox 1505 942 1558 986; x_wconf 92' lang='lat' dir='ltr'>de</span> <span class='ocrx_word' id='word_1_70' title='bbox 1581 942 1759 985; x_wconf 83' lang='lat' dir='ltr'>exordio</span> <span class='ocrx_word' id='word_1_71' title='bbox 1784 940 2005 985; x_wconf 87' lang='lat' dir='ltr'>Ciceronis</span> 
     </span>
     <span class='ocr_line' id='line_1_10' title="bbox 333 1017 2004 1072; baseline -0.005 -6"><span class='ocrx_word' id='word_1_72' title='bbox 333 1024 547 1066; x_wconf 88' lang='lat' dir='ltr'>nonnulla</span> <span class='ocrx_word' id='word_1_73' title='bbox 579 1023 734 1064; x_wconf 87' lang='lat' dir='ltr'>amissa</span> <span class='ocrx_word' id='word_1_74' title='bbox 764 1034 859 1064; x_wconf 90' lang='lat' dir='ltr'>esse</span> <span class='ocrx_word' id='word_1_75' title='bbox 883 1033 1051 1063; x_wconf 88' lang='lat' dir='ltr'>censeo.</span> <span class='ocrx_word' id='word_1_76' title='bbox 1106 1021 1220 1062; x_wconf 89' lang='lat' dir='ltr'>Num</span> <span class='ocrx_word' id='word_1_77' title='bbox 1244 1032 1296 1062; x_wconf 89' lang='lat' dir='ltr'>ea</span> <span class='ocrx_word' id='word_1_78' title='bbox 1319 1018 1545 1071; x_wconf 88' lang='lat' dir='ltr'>sufficiant,</span> <span class='ocrx_word' id='word_1_79' title='bbox 1579 1018 1733 1072; x_wconf 89' lang='lat' dir='ltr'>quibus</span> <span class='ocrx_word' id='word_1_80' title='bbox 1758 1017 2004 1072; x_wconf 85' lang='lat' dir='ltr'>complures</span> 
     </span>
     <span class='ocr_line' id='line_1_11' title="bbox 332 1094 1553 1155; baseline -0.005 -12"><span class='ocrx_word' id='word_1_81' title='bbox 332 1099 631 1155; x_wconf 83' lang='lat' dir='ltr'>compleantur</span> <span class='ocrx_word' id='word_1_82' title='bbox 663 1097 862 1153; x_wconf 83' lang='lat' dir='ltr'>paginae,</span> <span class='ocrx_word' id='word_1_83' title='bbox 897 1108 978 1151; x_wconf 85' lang='lat' dir='ltr'>ego</span> <span class='ocrx_word' id='word_1_84' title='bbox 1011 1108 1099 1138; x_wconf 91' lang='lat' dir='ltr'>non</span> <span class='ocrx_word' id='word_1_85' title='bbox 1132 1094 1271 1138; x_wconf 84' lang='lat' dir='ltr'>audeo</span> <span class='ocrx_word' id='word_1_86' title='bbox 1306 1094 1553 1138; x_wconf 83' lang='lat' dir='ltr'>decernere.</span> 
     </span>
    </p>
   </div>
   <div class='ocr_carea' id='block_1_3' title="bbox 328 1257 2006 2828">
    <p class='ocr_par' dir='ltr' id='par_1_4' title="bbox 328 1257 2006 2828">
     <span class='ocr_line' id='line_1_12' title="bbox 461 1257 2004 1315; baseline -0.004 -10"><span class='ocrx_word' id='word_1_87' title='bbox 461 1263 581 1315; x_wconf 81' lang='lat' dir='ltr'>Quae</span> <span class='ocrx_word' id='word_1_88' title='bbox 622 1262 764 1304; x_wconf 87' lang='lat' dir='ltr'>adhuc</span> <span class='ocrx_word' id='word_1_89' title='bbox 806 1261 867 1304; x_wconf 92' lang='lat' dir='ltr'>de</span> <span class='ocrx_word' id='word_1_90' title='bbox 906 1260 1050 1303; x_wconf 88' lang='lat' dir='ltr'>fonte</span> <span class='ocrx_word' id='word_1_91' title='bbox 1092 1263 1141 1302; x_wconf 93' lang='lat' dir='ltr'>et</span> <span class='ocrx_word' id='word_1_92' title='bbox 1180 1259 1561 1314; x_wconf 87' lang='lat' dir='ltr'>compositione</span> <span class='ocrx_word' id='word_1_93' title='bbox 1594 1258 1694 1300; x_wconf 90' lang='lat' dir='ltr'>libri</span> <span class='ocrx_word' id='word_1_94' title='bbox 1728 1257 1783 1300; x_wconf 87' lang='lat' dir='ltr'>de</span> <span class='ocrx_word' id='word_1_95' title='bbox 1816 1257 1905 1300; x_wconf 87' lang='lat' dir='ltr'>fato</span> <span class='ocrx_word' id='word_1_96' title='bbox 1939 1258 2004 1299; x_wconf 91' lang='lat' dir='ltr'>in-</span> 
     </span>
     <span class='ocr_line' id='line_1_13' title="bbox 333 1332 2004 1390; baseline -0.002 -9"><span class='ocrx_word' id='word_1_97' title='bbox 333 1339 547 1390; x_wconf 83' lang='lat' dir='ltr'>venimus,</span> <span class='ocrx_word' id='word_1_98' title='bbox 586 1351 682 1380; x_wconf 91' lang='lat' dir='ltr'>cum</span> <span class='ocrx_word' id='word_1_99' title='bbox 722 1336 853 1378; x_wconf 88' lang='lat' dir='ltr'>valde</span> <span class='ocrx_word' id='word_1_100' title='bbox 894 1336 1092 1390; x_wconf 90' lang='lat' dir='ltr'>dispersa</span> <span class='ocrx_word' id='word_1_101' title='bbox 1132 1335 1235 1387; x_wconf 88' lang='lat' dir='ltr'>sint,</span> <span class='ocrx_word' id='word_1_102' title='bbox 1279 1335 1514 1376; x_wconf 90' lang='lat' dir='ltr'>breviter</span> <span class='ocrx_word' id='word_1_103' title='bbox 1554 1332 2004 1388; x_wconf 86' lang='lat' dir='ltr'>comprehendam.</span> 
     </span>
     <span class='ocr_line' id='line_1_14' title="bbox 333 1407 2006 1455; baseline -0.004 0"><span class='ocrx_word' id='word_1_104' title='bbox 333 1414 406 1455; x_wconf 95' lang='lat' dir='ltr'>De</span> <span class='ocrx_word' id='word_1_105' title='bbox 450 1411 594 1455; x_wconf 87' lang='lat' dir='ltr'>fonte</span> <span class='ocrx_word' id='word_1_106' title='bbox 634 1411 1021 1454; x_wconf 88' lang='lat' dir='ltr'>demonstravimus</span> <span class='ocrx_word' id='word_1_107' title='bbox 1055 1409 1212 1451; x_wconf 89' lang='lat' dir='ltr'>librum</span> <span class='ocrx_word' id='word_1_108' title='bbox 1249 1407 1494 1451; x_wconf 83' lang='lat' dir='ltr'>Antiochi</span> <span class='ocrx_word' id='word_1_109' title='bbox 1529 1408 1780 1451; x_wconf 87' lang='lat' dir='ltr'>Ciceronem</span> <span class='ocrx_word' id='word_1_110' title='bbox 1813 1411 2006 1450; x_wconf 88' lang='lat' dir='ltr'>secutum</span> 
     </span>
     <span class='ocr_line' id='line_1_15' title="bbox 334 1482 2006 1540; baseline -0.004 -10"><span class='ocrx_word' id='word_1_111' title='bbox 334 1500 446 1540; x_wconf 88' lang='lat' dir='ltr'>esse,</span> <span class='ocrx_word' id='word_1_112' title='bbox 491 1489 621 1540; x_wconf 86' lang='lat' dir='ltr'>atque</span> <span class='ocrx_word' id='word_1_113' title='bbox 663 1486 741 1538; x_wconf 89' lang='lat' dir='ltr'>ita,</span> <span class='ocrx_word' id='word_1_114' title='bbox 786 1488 832 1527; x_wconf 88' lang='lat' dir='ltr'>ut</span> <span class='ocrx_word' id='word_1_115' title='bbox 875 1498 962 1527; x_wconf 89' lang='lat' dir='ltr'>non</span> <span class='ocrx_word' id='word_1_116' title='bbox 1003 1485 1144 1526; x_wconf 89' lang='lat' dir='ltr'>solum</span> <span class='ocrx_word' id='word_1_117' title='bbox 1180 1484 1352 1538; x_wconf 89' lang='lat' dir='ltr'>singula</span> <span class='ocrx_word' id='word_1_118' title='bbox 1385 1485 1638 1536; x_wconf 86' lang='lat' dir='ltr'>argumenta</span> <span class='ocrx_word' id='word_1_119' title='bbox 1671 1482 1774 1524; x_wconf 91' lang='lat' dir='ltr'>inde</span> <span class='ocrx_word' id='word_1_120' title='bbox 1807 1486 2006 1535; x_wconf 85' lang='lat' dir='ltr'>sumeret,</span> 
     </span>
     <span class='ocr_line' id='line_1_16' title="bbox 334 1556 2004 1613; baseline -0.003 -9"><span class='ocrx_word' id='word_1_121' title='bbox 334 1561 409 1605; x_wconf 88' lang='lat' dir='ltr'>sed</span> <span class='ocrx_word' id='word_1_122' title='bbox 442 1562 687 1604; x_wconf 90' lang='lat' dir='ltr'>universam</span> <span class='ocrx_word' id='word_1_123' title='bbox 722 1559 988 1603; x_wconf 86' lang='lat' dir='ltr'>describeret</span> <span class='ocrx_word' id='word_1_124' title='bbox 1022 1559 1437 1613; x_wconf 85' lang='lat' dir='ltr'>argumentationem</span> <span class='ocrx_word' id='word_1_125' title='bbox 1474 1556 1624 1600; x_wconf 84' lang='lat' dir='ltr'>ordine</span> <span class='ocrx_word' id='word_1_126' title='bbox 1658 1557 1787 1600; x_wconf 89' lang='lat' dir='ltr'>totius</span> <span class='ocrx_word' id='word_1_127' title='bbox 1818 1556 2004 1612; x_wconf 83' lang='lat' dir='ltr'>disputa-</span> 
     </span>
     <span class='ocr_line' id='line_1_17' title="bbox 332 1633 2006 1691; baseline -0.004 -10"><span class='ocrx_word' id='word_1_128' title='bbox 332 1637 461 1681; x_wconf 87' lang='lat' dir='ltr'>tionis</span> <span class='ocrx_word' id='word_1_129' title='bbox 506 1638 696 1689; x_wconf 88' lang='lat' dir='ltr'>servato;</span> <span class='ocrx_word' id='word_1_130' title='bbox 742 1635 858 1691; x_wconf 93' lang='lat' dir='ltr'>quod</span> <span class='ocrx_word' id='word_1_131' title='bbox 902 1635 1037 1678; x_wconf 89' lang='lat' dir='ltr'>semel</span> <span class='ocrx_word' id='word_1_132' title='bbox 1072 1634 1265 1677; x_wconf 88' lang='lat' dir='ltr'>ordinem</span> <span class='ocrx_word' id='word_1_133' title='bbox 1300 1634 1455 1677; x_wconf 90' lang='lat' dir='ltr'>vitiose</span> <span class='ocrx_word' id='word_1_134' title='bbox 1489 1633 1689 1688; x_wconf 89' lang='lat' dir='ltr'>mutavit,</span> <span class='ocrx_word' id='word_1_135' title='bbox 1736 1645 1787 1676; x_wconf 92' lang='lat' dir='ltr'>eo</span> <span class='ocrx_word' id='word_1_136' title='bbox 1821 1646 1909 1676; x_wconf 93' lang='lat' dir='ltr'>non</span> <span class='ocrx_word' id='word_1_137' title='bbox 1942 1634 2006 1675; x_wconf 93' lang='lat' dir='ltr'>in-</span> 
     </span>
     <span class='ocr_line' id='line_1_18' title="bbox 331 1710 2005 1768; baseline -0.002 -11"><span class='ocrx_word' id='word_1_138' title='bbox 331 1713 533 1768; x_wconf 88' lang='lat' dir='ltr'>firmatur,</span> <span class='ocrx_word' id='word_1_139' title='bbox 567 1711 683 1767; x_wconf 90' lang='lat' dir='ltr'>quod</span> <span class='ocrx_word' id='word_1_140' title='bbox 707 1711 901 1765; x_wconf 83' lang='lat' dir='ltr'>dicimus,</span> <span class='ocrx_word' id='word_1_141' title='bbox 928 1712 1057 1754; x_wconf 92' lang='lat' dir='ltr'>immo</span> <span class='ocrx_word' id='word_1_142' title='bbox 1081 1724 1208 1766; x_wconf 89' lang='lat' dir='ltr'>quam</span> <span class='ocrx_word' id='word_1_143' title='bbox 1232 1711 1416 1753; x_wconf 83' lang='lat' dir='ltr'>maxime</span> <span class='ocrx_word' id='word_1_144' title='bbox 1440 1710 1628 1763; x_wconf 88' lang='lat' dir='ltr'>fulcitur,</span> <span class='ocrx_word' id='word_1_145' title='bbox 1652 1710 1867 1764; x_wconf 89' lang='lat' dir='ltr'>quoniam,</span> <span class='ocrx_word' id='word_1_146' title='bbox 1892 1722 2005 1765; x_wconf 90' lang='lat' dir='ltr'>quae</span> 
     </span>
     <span class='ocr_line' id='line_1_19' title="bbox 332 1786 2003 1842; baseline -0.004 -9"><span class='ocrx_word' id='word_1_147' title='bbox 332 1804 383 1833; x_wconf 90' lang='lat' dir='ltr'>eo</span> <span class='ocrx_word' id='word_1_148' title='bbox 418 1792 537 1832; x_wconf 87' lang='lat' dir='ltr'>ortae</span> <span class='ocrx_word' id='word_1_149' title='bbox 570 1791 681 1841; x_wconf 89' lang='lat' dir='ltr'>sunt,</span> <span class='ocrx_word' id='word_1_150' title='bbox 715 1787 1031 1842; x_wconf 86' lang='lat' dir='ltr'>discrepantiae</span> <span class='ocrx_word' id='word_1_151' title='bbox 1065 1801 1091 1829; x_wconf 87' lang='lat' dir='ltr'>a</span> <span class='ocrx_word' id='word_1_152' title='bbox 1124 1787 1334 1830; x_wconf 75' lang='lat' dir='ltr'>CIcerone</span> <span class='ocrx_word' id='word_1_153' title='bbox 1367 1799 1455 1828; x_wconf 89' lang='lat' dir='ltr'>non</span> <span class='ocrx_word' id='word_1_154' title='bbox 1489 1786 1689 1828; x_wconf 86' lang='lat' dir='ltr'>sublatae</span> <span class='ocrx_word' id='word_1_155' title='bbox 1722 1788 1832 1828; x_wconf 89' lang='lat' dir='ltr'>sunt.</span> <span class='ocrx_word' id='word_1_156' title='bbox 1881 1786 2003 1827; x_wconf 89' lang='lat' dir='ltr'>Intra</span> 
     </span>
     <span class='ocr_line' id='line_1_20' title="bbox 332 1861 2002 1917; baseline -0.004 -9"><span class='ocrx_word' id='word_1_157' title='bbox 332 1867 576 1908; x_wconf 85' lang='lat' dir='ltr'>contextum</span> <span class='ocrx_word' id='word_1_158' title='bbox 623 1866 764 1905; x_wconf 90' lang='lat' dir='ltr'>autem</span> <span class='ocrx_word' id='word_1_159' title='bbox 810 1862 936 1905; x_wconf 91' lang='lat' dir='ltr'>huius</span> <span class='ocrx_word' id='word_1_160' title='bbox 983 1863 1286 1917; x_wconf 83' lang='lat' dir='ltr'>disputationis</span> <span class='ocrx_word' id='word_1_161' title='bbox 1331 1875 1354 1904; x_wconf 92' lang='lat' dir='ltr'>e</span> <span class='ocrx_word' id='word_1_162' title='bbox 1399 1861 1648 1914; x_wconf 87' lang='lat' dir='ltr'>fontibus,</span> <span class='ocrx_word' id='word_1_163' title='bbox 1698 1861 1833 1903; x_wconf 89' lang='lat' dir='ltr'>unde</span> <span class='ocrx_word' id='word_1_164' title='bbox 1878 1862 2002 1903; x_wconf 91' lang='lat' dir='ltr'>brevi</span> 
     </span>
     <span class='ocr_line' id='line_1_21' title="bbox 331 1936 2000 1990; baseline -0.002 -7"><span class='ocrx_word' id='word_1_165' title='bbox 331 1942 460 1983; x_wconf 88' lang='lat' dir='ltr'>antea</span> <span class='ocrx_word' id='word_1_166' title='bbox 507 1938 751 1982; x_wconf 89' lang='lat' dir='ltr'>hauserat</span> <span class='ocrx_word' id='word_1_167' title='bbox 797 1937 965 1981; x_wconf 92' lang='lat' dir='ltr'>libros</span> <span class='ocrx_word' id='word_1_168' title='bbox 1015 1937 1075 1981; x_wconf 89' lang='lat' dir='ltr'>de</span> <span class='ocrx_word' id='word_1_169' title='bbox 1121 1937 1471 1990; x_wconf 89' lang='lat' dir='ltr'>divinatione,</span> <span class='ocrx_word' id='word_1_170' title='bbox 1523 1936 1808 1980; x_wconf 89' lang='lat' dir='ltr'>nonnullos</span> <span class='ocrx_word' id='word_1_171' title='bbox 1853 1936 2000 1979; x_wconf 90' lang='lat' dir='ltr'>locos</span> 
     </span>
     <span class='ocr_line' id='line_1_22' title="bbox 330 2011 1997 2068; baseline -0.003 -10"><span class='ocrx_word' id='word_1_172' title='bbox 330 2016 619 2067; x_wconf 88' lang='lat' dir='ltr'>interiecit,</span> <span class='ocrx_word' id='word_1_173' title='bbox 663 2016 917 2068; x_wconf 90' lang='lat' dir='ltr'>plerumque</span> <span class='ocrx_word' id='word_1_174' title='bbox 956 2026 1107 2067; x_wconf 88' lang='lat' dir='ltr'>parum</span> <span class='ocrx_word' id='word_1_175' title='bbox 1141 2016 1260 2066; x_wconf 90' lang='lat' dir='ltr'>apte,</span> <span class='ocrx_word' id='word_1_176' title='bbox 1305 2025 1359 2054; x_wconf 84' lang='lat' dir='ltr'>ex</span> <span class='ocrx_word' id='word_1_177' title='bbox 1392 2011 1627 2053; x_wconf 89' lang='lat' dir='ltr'>Posidonio</span> <span class='ocrx_word' id='word_1_178' title='bbox 1662 2025 1732 2065; x_wconf 88' lang='lat' dir='ltr'>ea,</span> <span class='ocrx_word' id='word_1_179' title='bbox 1777 2025 1888 2065; x_wconf 91' lang='lat' dir='ltr'>quae</span> <span class='ocrx_word' id='word_1_180' title='bbox 1922 2013 1997 2067; x_wconf 77' lang='lat'>§7</span> 
     </span>
     <span class='ocr_line' id='line_1_23' title="bbox 330 2086 1998 2144; baseline -0.003 -10"><span class='ocrx_word' id='word_1_181' title='bbox 330 2090 610 2144; x_wconf 86' lang='lat' dir='ltr'>antecedunt,</span> <span class='ocrx_word' id='word_1_182' title='bbox 660 2104 713 2132; x_wconf 83' lang='lat' dir='ltr'>ex</span> <span class='ocrx_word' id='word_1_183' title='bbox 757 2089 965 2132; x_wconf 87' lang='lat' dir='ltr'>Panaetio</span> <span class='ocrx_word' id='word_1_184' title='bbox 1015 2089 1104 2142; x_wconf 89' lang='lat' dir='ltr'>(vel</span> <span class='ocrx_word' id='word_1_185' title='bbox 1149 2086 1442 2143; x_wconf 86' lang='lat' dir='ltr'>Clitomacho)</span> <span class='ocrx_word' id='word_1_186' title='bbox 1490 2086 1540 2142; x_wconf 57' lang='grc' dir='ltr'>ἐξ</span> <span class='ocrx_word' id='word_1_187' title='bbox 1568 2087 1751 2129; x_wconf 90' lang='grc'><strong>15--16</strong></span> <span class='ocrx_word' id='word_1_188' title='bbox 1803 2090 1846 2129; x_wconf 89' lang='lat' dir='ltr'>et</span> <span class='ocrx_word' id='word_1_189' title='bbox 1890 2100 1998 2130; x_wconf 91' lang='lat' dir='ltr'>non-</span> 
     </span>
     <span class='ocr_line' id='line_1_24' title="bbox 330 2162 2000 2221; baseline -0.003 -12"><span class='ocrx_word' id='word_1_190' title='bbox 330 2167 457 2209; x_wconf 90' lang='lat' dir='ltr'>nulla</span> <span class='ocrx_word' id='word_1_191' title='bbox 489 2179 544 2208; x_wconf 83' lang='lat' dir='ltr'>ex</span> <span class='ocrx_word' id='word_1_192' title='bbox 577 2164 626 2221; x_wconf 72' lang='lat'>§§</span> <span class='ocrx_word' id='word_1_193' title='bbox 649 2165 844 2206; x_wconf 80' lang='lat'>11—12.</span> <span class='ocrx_word' id='word_1_194' title='bbox 889 2165 1123 2216; x_wconf 87' lang='lat' dir='ltr'>Postremo,</span> <span class='ocrx_word' id='word_1_195' title='bbox 1158 2175 1269 2218; x_wconf 87' lang='lat' dir='ltr'>quae</span> <span class='ocrx_word' id='word_1_196' title='bbox 1292 2163 1385 2217; x_wconf 91' lang='lat' dir='ltr'>ipse</span> <span class='ocrx_word' id='word_1_197' title='bbox 1409 2162 1661 2215; x_wconf 87' lang='lat' dir='ltr'>elaboravit,</span> <span class='ocrx_word' id='word_1_198' title='bbox 1695 2174 1918 2204; x_wconf 89' lang='lat' dir='ltr'>enumero:</span> <span class='ocrx_word' id='word_1_199' title='bbox 1953 2166 2000 2204; x_wconf 89' lang='lat' dir='ltr'>ut</span> 
     </span>
     <span class='ocr_line' id='line_1_25' title="bbox 330 2237 1996 2293; baseline -0.004 -8"><span class='ocrx_word' id='word_1_200' title='bbox 330 2242 422 2285; x_wconf 91' lang='lat' dir='ltr'>veri</span> <span class='ocrx_word' id='word_1_201' title='bbox 454 2241 718 2285; x_wconf 88' lang='lat' dir='ltr'>simillimum</span> <span class='ocrx_word' id='word_1_202' title='bbox 753 2239 884 2293; x_wconf 84' lang='lat' dir='ltr'>duco,</span> <span class='ocrx_word' id='word_1_203' title='bbox 924 2239 1158 2292; x_wconf 84' lang='lat' dir='ltr'>exordium,</span> <span class='ocrx_word' id='word_1_204' title='bbox 1193 2241 1309 2281; x_wconf 89' lang='lat' dir='ltr'>certe</span> <span class='ocrx_word' id='word_1_205' title='bbox 1343 2238 1660 2293; x_wconf 84' lang='lat' dir='ltr'>perorationem</span> <span class='ocrx_word' id='word_1_206' title='bbox 1694 2237 1996 2293; x_wconf 88' lang='lat' dir='ltr'>disputationis</span> 
     </span>
     <span class='ocr_line' id='line_1_26' title="bbox 330 2313 1995 2375; baseline -0.003 -15"><span class='ocrx_word' id='word_1_207' title='bbox 330 2317 397 2375; x_wconf 59' lang='grc' dir='ltr'>(ἕξ</span> <span class='ocrx_word' id='word_1_208' title='bbox 421 2317 480 2360; x_wconf 89' lang='grc'>46</span> <span class='ocrx_word' id='word_1_209' title='bbox 499 2316 624 2374; x_wconf 91' lang='lat' dir='ltr'>sqq.),</span> <span class='ocrx_word' id='word_1_210' title='bbox 657 2329 786 2370; x_wconf 91' lang='lat' dir='ltr'>quam</span> <span class='ocrx_word' id='word_1_211' title='bbox 820 2315 876 2358; x_wconf 87' lang='lat' dir='ltr'>ad</span> <span class='ocrx_word' id='word_1_212' title='bbox 910 2315 959 2371; x_wconf 54' lang='grc' dir='ltr'>ἐξ</span> <span class='ocrx_word' id='word_1_213' title='bbox 983 2316 1168 2357; x_wconf 83' lang='grc'>22-23</span> <span class='ocrx_word' id='word_1_214' title='bbox 1194 2314 1432 2369; x_wconf 89' lang='lat' dir='ltr'>adaptavit,</span> <span class='ocrx_word' id='word_1_215' title='bbox 1467 2317 1510 2356; x_wconf 92' lang='lat' dir='ltr'>et</span> <span class='ocrx_word' id='word_1_216' title='bbox 1531 2313 1580 2369; x_wconf 56' lang='grc' dir='ltr'>ἐξ</span> <span class='ocrx_word' id='word_1_217' title='bbox 1604 2313 1804 2366; x_wconf 82' lang='grc'><strong>26-28,</strong></span> <span class='ocrx_word' id='word_1_218' title='bbox 1838 2314 1995 2368; x_wconf 89' lang='lat' dir='ltr'>quibus</span> 
     </span>
     <span class='ocr_line' id='line_1_27' title="bbox 330 2389 1997 2449; baseline -0.004 -13"><span class='ocrx_word' id='word_1_219' title='bbox 330 2393 380 2449; x_wconf 54' lang='grc' dir='ltr'>ἐξ</span> <span class='ocrx_word' id='word_1_220' title='bbox 407 2394 463 2436; x_wconf 85' lang='grc'>18</span> <span class='ocrx_word' id='word_1_221' title='bbox 482 2406 575 2447; x_wconf 89' lang='lat' dir='ltr'>sqq.</span> <span class='ocrx_word' id='word_1_222' title='bbox 617 2393 806 2434; x_wconf 88' lang='lat' dir='ltr'>imitatus</span> <span class='ocrx_word' id='word_1_223' title='bbox 851 2395 933 2444; x_wconf 90' lang='lat' dir='ltr'>est,</span> <span class='ocrx_word' id='word_1_224' title='bbox 979 2391 1163 2444; x_wconf 88' lang='lat' dir='ltr'>denique</span> <span class='ocrx_word' id='word_1_225' title='bbox 1209 2392 1258 2442; x_wconf 63' lang='grc' dir='ltr'>ἐξ</span> <span class='ocrx_word' id='word_1_226' title='bbox 1284 2390 1467 2432; x_wconf 84' lang='grc'><strong>34-36</strong></span> <span class='ocrx_word' id='word_1_227' title='bbox 1513 2403 1536 2431; x_wconf 94' lang='lat' dir='ltr'>e</span> <span class='ocrx_word' id='word_1_228' title='bbox 1582 2390 1786 2431; x_wconf 89' lang='lat' dir='ltr'>memoria</span> <span class='ocrx_word' id='word_1_229' title='bbox 1825 2389 1997 2431; x_wconf 89' lang='lat' dir='ltr'>videtur</span> 
     </span>
     <span class='ocr_line' id='line_1_28' title="bbox 329 2463 1994 2523; baseline -0.004 -11"><span class='ocrx_word' id='word_1_230' title='bbox 329 2469 576 2513; x_wconf 90' lang='lat' dir='ltr'>inseruisse.</span> <span class='ocrx_word' id='word_1_231' title='bbox 628 2468 702 2510; x_wconf 91' lang='lat' dir='ltr'>De</span> <span class='ocrx_word' id='word_1_232' title='bbox 736 2466 1113 2523; x_wconf 87' lang='lat' dir='ltr'>compositione</span> <span class='ocrx_word' id='word_1_233' title='bbox 1147 2478 1262 2520; x_wconf 91' lang='lat' dir='ltr'>vero,</span> <span class='ocrx_word' id='word_1_234' title='bbox 1295 2478 1405 2520; x_wconf 89' lang='lat' dir='ltr'>quae</span> <span class='ocrx_word' id='word_1_235' title='bbox 1440 2464 1730 2520; x_wconf 87' lang='lat' dir='ltr'>apparuerint,</span> <span class='ocrx_word' id='word_1_236' title='bbox 1765 2467 1808 2506; x_wconf 91' lang='lat' dir='ltr'>et</span> <span class='ocrx_word' id='word_1_237' title='bbox 1841 2463 1994 2506; x_wconf 88' lang='lat' dir='ltr'>ordine</span> 
     </span>
     <span class='ocr_line' id='line_1_29' title="bbox 330 2540 1994 2601; baseline -0.003 -13"><span class='ocrx_word' id='word_1_238' title='bbox 330 2548 676 2601; x_wconf 86' lang='lat' dir='ltr'>argumentorum</span> <span class='ocrx_word' id='word_1_239' title='bbox 697 2558 794 2587; x_wconf 88' lang='lat' dir='ltr'>cum</span> <span class='ocrx_word' id='word_1_240' title='bbox 812 2544 1043 2599; x_wconf 89' lang='lat' dir='ltr'>complecti</span> <span class='ocrx_word' id='word_1_241' title='bbox 1059 2543 1269 2595; x_wconf 89' lang='lat' dir='ltr'>volumus,</span> <span class='ocrx_word' id='word_1_242' title='bbox 1291 2544 1480 2597; x_wconf 90' lang='lat' dir='ltr'>praestet</span> <span class='ocrx_word' id='word_1_243' title='bbox 1497 2554 1583 2583; x_wconf 89' lang='lat' dir='ltr'>non</span> <span class='ocrx_word' id='word_1_244' title='bbox 1600 2541 1753 2583; x_wconf 90' lang='lat' dir='ltr'>iterum</span> <span class='ocrx_word' id='word_1_245' title='bbox 1772 2540 1994 2584; x_wconf 90' lang='lat' dir='ltr'>Ciceronis</span> 
     </span>
     <span class='ocr_line' id='line_1_30' title="bbox 329 2615 1994 2676; baseline -0.004 -12"><span class='ocrx_word' id='word_1_246' title='bbox 329 2624 487 2676; x_wconf 89' lang='lat' dir='ltr'>partes,</span> <span class='ocrx_word' id='word_1_247' title='bbox 512 2619 588 2664; x_wconf 89' lang='lat' dir='ltr'>sed</span> <span class='ocrx_word' id='word_1_248' title='bbox 605 2619 858 2663; x_wconf 91' lang='lat' dir='ltr'>Antiochi</span> <span class='ocrx_word' id='word_1_249' title='bbox 882 2631 1145 2672; x_wconf 91' lang='lat' dir='ltr'>enumerare,</span> <span class='ocrx_word' id='word_1_250' title='bbox 1169 2617 1370 2673; x_wconf 91' lang='lat' dir='ltr'>quoniam</span> <span class='ocrx_word' id='word_1_251' title='bbox 1394 2616 1446 2659; x_wconf 90' lang='lat' dir='ltr'>de</span> <span class='ocrx_word' id='word_1_252' title='bbox 1464 2616 1581 2659; x_wconf 84' lang='lat' dir='ltr'>illius</span> <span class='ocrx_word' id='word_1_253' title='bbox 1598 2616 1790 2671; x_wconf 88' lang='lat' dir='ltr'>partibus</span> <span class='ocrx_word' id='word_1_254' title='bbox 1808 2615 1994 2670; x_wconf 89' lang='lat' dir='ltr'>propriis</span> 
     </span>
     <span class='ocr_line' id='line_1_31' title="bbox 328 2690 1993 2750; baseline -0.003 -11"><span class='ocrx_word' id='word_1_255' title='bbox 328 2697 433 2739; x_wconf 87' lang='lat' dir='ltr'>satis</span> <span class='ocrx_word' id='word_1_256' title='bbox 477 2695 637 2738; x_wconf 90' lang='lat' dir='ltr'>dictum</span> <span class='ocrx_word' id='word_1_257' title='bbox 685 2698 760 2738; x_wconf 87' lang='lat' dir='ltr'>est.</span> <span class='ocrx_word' id='word_1_258' title='bbox 826 2695 953 2738; x_wconf 90' lang='lat' dir='ltr'>Tres</span> <span class='ocrx_word' id='word_1_259' title='bbox 995 2697 1174 2750; x_wconf 87' lang='lat' dir='ltr'>partes</span> <span class='ocrx_word' id='word_1_260' title='bbox 1219 2693 1470 2736; x_wconf 90' lang='lat' dir='ltr'>continebat</span> <span class='ocrx_word' id='word_1_261' title='bbox 1503 2691 1709 2735; x_wconf 86' lang='lat' dir='ltr'>Antiochi</span> <span class='ocrx_word' id='word_1_262' title='bbox 1742 2690 1993 2746; x_wconf 86' lang='lat' dir='ltr'>disputatio:</span> 
     </span>
     <span class='ocr_line' id='line_1_32' title="bbox 328 2767 1994 2828; baseline -0.002 -14"><span class='ocrx_word' id='word_1_263' title='bbox 328 2773 523 2828; x_wconf 89' lang='lat' dir='ltr'>primae</span> <span class='ocrx_word' id='word_1_264' title='bbox 556 2772 821 2827; x_wconf 86' lang='lat' dir='ltr'>propositum</span> <span class='ocrx_word' id='word_1_265' title='bbox 856 2773 947 2814; x_wconf 87' lang='lat' dir='ltr'>erat</span> <span class='ocrx_word' id='word_1_266' title='bbox 970 2770 1203 2825; x_wconf 81' lang='lat' dir='ltr'>Chrysippi</span> <span class='ocrx_word' id='word_1_267' title='bbox 1236 2770 1316 2811; x_wconf 88' lang='lat' dir='ltr'>illa</span> <span class='ocrx_word' id='word_1_268' title='bbox 1349 2768 1539 2812; x_wconf 90' lang='lat' dir='ltr'>definitio</span> <span class='ocrx_word' id='word_1_269' title='bbox 1573 2767 1650 2810; x_wconf 88' lang='lat' dir='ltr'>fati</span> <span class='ocrx_word' id='word_1_270' title='bbox 1678 2767 1730 2810; x_wconf 91' lang='lat' dir='ltr'>de</span> <span class='ocrx_word' id='word_1_271' title='bbox 1755 2767 1994 2810; x_wconf 84' lang='lat' dir='ltr'>conexione</span> 
     </span>
    </p>
   </div>
   <div class='ocr_carea' id='block_1_4' title="bbox 329 2860 630 2868">
    <p class='ocr_par' dir='ltr' id='par_1_5' title="bbox 329 2860 630 2868">
     <span class='ocr_line' id='line_1_33' title="bbox 329 2860 630 2868; baseline 0 0"><span class='ocrx_word' id='word_1_272' title='bbox 329 2860 630 2868; x_wconf 95' lang='lat' dir='ltr'> </span> 
     </span>
    </p>
   </div>
   <div class='ocr_carea' id='block_1_5' title="bbox 327 2900 1996 3212">
    <p class='ocr_par' dir='ltr' id='par_1_6' title="bbox 327 2900 1994 3019">
     <span class='ocr_line' id='line_1_34' title="bbox 456 2900 1994 2957; baseline -0.004 -10"><span class='ocrx_word' id='word_1_273' title='bbox 456 2909 487 2957; x_wconf 86' lang='lat'>1)</span> <span class='ocrx_word' id='word_1_274' title='bbox 514 2907 576 2946; x_wconf 92' lang='lat' dir='ltr'>Ne</span> <span class='ocrx_word' id='word_1_275' title='bbox 613 2906 833 2946; x_wconf 88' lang='lat' dir='ltr'>concedam</span> <span class='ocrx_word' id='word_1_276' title='bbox 867 2905 919 2944; x_wconf 90' lang='lat' dir='ltr'>de</span> <span class='ocrx_word' id='word_1_277' title='bbox 947 2905 1120 2944; x_wconf 87' lang='lat' dir='ltr'>diversis</span> <span class='ocrx_word' id='word_1_278' title='bbox 1144 2904 1494 2954; x_wconf 89' lang='lat' dir='ltr'>philosophorum,</span> <span class='ocrx_word' id='word_1_279' title='bbox 1531 2903 1600 2953; x_wconf 91' lang='lat' dir='ltr'>qui</span> <span class='ocrx_word' id='word_1_280' title='bbox 1626 2906 1719 2942; x_wconf 80' lang='lat' dir='ltr'>ante</span> <span class='ocrx_word' id='word_1_281' title='bbox 1746 2900 1994 2942; x_wconf 89' lang='lat' dir='ltr'>Antiochum</span> 
     </span>
     <span class='ocr_line' id='line_1_35' title="bbox 327 2966 1583 3019; baseline -0.007 -7"><span class='ocrx_word' id='word_1_282' title='bbox 327 2972 499 3019; x_wconf 87' lang='lat' dir='ltr'>fuerunt,</span> <span class='ocrx_word' id='word_1_283' title='bbox 527 2969 737 3010; x_wconf 82' lang='lat' dir='ltr'>sententiis</span> <span class='ocrx_word' id='word_1_284' title='bbox 763 2972 881 3007; x_wconf 89' lang='lat' dir='ltr'>antea</span> <span class='ocrx_word' id='word_1_285' title='bbox 906 2971 1041 3007; x_wconf 89' lang='lat' dir='ltr'>actum</span> <span class='ocrx_word' id='word_1_286' title='bbox 1067 2967 1205 3016; x_wconf 87' lang='lat' dir='ltr'>fuisse,</span> <span class='ocrx_word' id='word_1_287' title='bbox 1231 2966 1451 3016; x_wconf 89' lang='lat' dir='ltr'>prohibeor</span> <span class='ocrx_word' id='word_1_288' title='bbox 1478 2966 1502 3015; x_wconf 64' lang='grc' dir='ltr'>ὅ</span> <span class='ocrx_word' id='word_1_289' title='bbox 1523 2968 1583 3004; x_wconf 83' lang='grc'>39.</span> 
     </span>
    </p>

    <p class='ocr_par' dir='ltr' id='par_1_7' title="bbox 329 3027 1996 3147">
     <span class='ocr_line' id='line_1_36' title="bbox 453 3027 1994 3085; baseline -0.005 -11"><span class='ocrx_word' id='word_1_290' title='bbox 453 3034 485 3085; x_wconf 85' lang='lat'>²)</span> <span class='ocrx_word' id='word_1_291' title='bbox 526 3030 770 3081; x_wconf 87' lang='lat' dir='ltr'>Conscriptis</span> <span class='ocrx_word' id='word_1_292' title='bbox 810 3033 851 3070; x_wconf 90' lang='lat' dir='ltr'>et</span> <span class='ocrx_word' id='word_1_293' title='bbox 890 3029 1010 3069; x_wconf 89' lang='lat' dir='ltr'>editis</span> <span class='ocrx_word' id='word_1_294' title='bbox 1049 3028 1224 3077; x_wconf 84' lang='lat' dir='ltr'>scilicet,</span> <span class='ocrx_word' id='word_1_295' title='bbox 1264 3040 1345 3068; x_wconf 92' lang='lat' dir='ltr'>non</span> <span class='ocrx_word' id='word_1_296' title='bbox 1383 3027 1602 3078; x_wconf 87' lang='lat' dir='ltr'>propositis</span> <span class='ocrx_word' id='word_1_297' title='bbox 1642 3031 1797 3067; x_wconf 88' lang='lat' dir='ltr'>tantum</span> <span class='ocrx_word' id='word_1_298' title='bbox 1836 3028 1901 3076; x_wconf 87' lang='lat' dir='ltr'>(ut</span> <span class='ocrx_word' id='word_1_299' title='bbox 1941 3027 1994 3067; x_wconf 92' lang='lat' dir='ltr'>de</span> 
     </span>
     <span class='ocr_line' id='line_1_37' title="bbox 329 3091 1996 3147; baseline -0.005 -8"><span class='ocrx_word' id='word_1_300' title='bbox 329 3099 411 3139; x_wconf 90' lang='lat' dir='ltr'>div.</span> <span class='ocrx_word' id='word_1_301' title='bbox 428 3097 469 3137; x_wconf 88' lang='grc' dir='ltr'>ΙΙ</span> <span class='ocrx_word' id='word_1_302' title='bbox 491 3097 570 3147; x_wconf 87' lang='lat'>19):</span> <span class='ocrx_word' id='word_1_303' title='bbox 606 3098 786 3135; x_wconf 88' lang='lat' dir='ltr'>ceterum</span> <span class='ocrx_word' id='word_1_304' title='bbox 813 3092 1030 3134; x_wconf 88' lang='lat' dir='ltr'>Carneadis</span> <span class='ocrx_word' id='word_1_305' title='bbox 1064 3091 1254 3132; x_wconf 87' lang='lat' dir='ltr'>refutatio</span> <span class='ocrx_word' id='word_1_306' title='bbox 1287 3091 1366 3142; x_wconf 88' lang='lat' dir='ltr'>ipsi</span> <span class='ocrx_word' id='word_1_307' title='bbox 1399 3091 1664 3142; x_wconf 86' lang='lat' dir='ltr'>disputationi</span> <span class='ocrx_word' id='word_1_308' title='bbox 1688 3094 1850 3131; x_wconf 89' lang='lat' dir='ltr'>nostrae</span> <span class='ocrx_word' id='word_1_309' title='bbox 1877 3091 1996 3131; x_wconf 88' lang='lat' dir='ltr'>inest.</span> 
     </span>
    </p>

    <p class='ocr_par' dir='ltr' id='par_1_8' title="bbox 454 3154 1996 3212">
     <span class='ocr_line' id='line_1_38' title="bbox 454 3154 1996 3212; baseline -0.003 -12"><span class='ocrx_word' id='word_1_310' title='bbox 454 3163 486 3212; x_wconf 69' lang='grc'>3)</span> <span class='ocrx_word' id='word_1_311' title='bbox 513 3160 760 3209; x_wconf 82' lang='lat' dir='ltr'>Quamquam</span> <span class='ocrx_word' id='word_1_312' title='bbox 787 3157 839 3197; x_wconf 90' lang='lat' dir='ltr'>de</span> <span class='ocrx_word' id='word_1_313' title='bbox 865 3156 1060 3197; x_wconf 89' lang='lat' dir='ltr'>Cicerone</span> <span class='ocrx_word' id='word_1_314' title='bbox 1085 3157 1194 3206; x_wconf 85' lang='lat' dir='ltr'>ipso,</span> <span class='ocrx_word' id='word_1_315' title='bbox 1230 3167 1322 3195; x_wconf 89' lang='lat' dir='ltr'>cum</span> <span class='ocrx_word' id='word_1_316' title='bbox 1347 3158 1488 3195; x_wconf 91' lang='lat' dir='ltr'>notum</span> <span class='ocrx_word' id='word_1_317' title='bbox 1513 3155 1577 3205; x_wconf 87' lang='lat' dir='ltr'>sit,</span> <span class='ocrx_word' id='word_1_318' title='bbox 1606 3159 1776 3206; x_wconf 84' lang='lat' dir='ltr'>quantas</span> <span class='ocrx_word' id='word_1_319' title='bbox 1802 3154 1996 3205; x_wconf 83' lang='lat' dir='ltr'>ambages</span> 
     </span>
    </p>
   </div>
   <div class='ocr_carea' id='block_1_6' title="bbox 328 3218 1544 3277">
    <p class='ocr_par' dir='ltr' id='par_1_9' title="bbox 328 3218 1544 3277">
     <span class='ocr_line' id='line_1_39' title="bbox 328 3218 1544 3277; baseline -0.007 -11"><span class='ocrx_word' id='word_1_320' title='bbox 328 3228 371 3266; x_wconf 87' lang='lat' dir='ltr'>et</span> <span class='ocrx_word' id='word_1_321' title='bbox 396 3223 672 3277; x_wconf 86' lang='lat' dir='ltr'>digressiones</span> <span class='ocrx_word' id='word_1_322' title='bbox 698 3220 831 3263; x_wconf 86' lang='lat' dir='ltr'>facere</span> <span class='ocrx_word' id='word_1_323' title='bbox 858 3219 1126 3271; x_wconf 87' lang='lat' dir='ltr'>consueverit,</span> <span class='ocrx_word' id='word_1_324' title='bbox 1152 3230 1234 3260; x_wconf 89' lang='lat' dir='ltr'>nou</span> <span class='ocrx_word' id='word_1_325' title='bbox 1259 3218 1378 3270; x_wconf 86' lang='lat' dir='ltr'>plane</span> <span class='ocrx_word' id='word_1_326' title='bbox 1403 3218 1544 3269; x_wconf 86' lang='lat' dir='ltr'>liquet.</span> 
     </span>
    </p>
   </div>
  </div>
 </body>
</html>
