2356 3758
433 266 492 312 34

557 398 875 456 Interrogatur,
921 412 997 442 cur
1031 397 1181 443 Cicero
1220 395 1333 440 hanc
1367 398 1533 453 partem
1568 395 1826 444 adiunxerit.
1891 400 2105 458 Equidem

428 473 490 516 ita
533 475 691 517 sentio:
738 478 884 518 orator
927 476 1243 531 perorationem
1288 473 1550 517 desideravit
1593 474 1840 529 verbosam;
1885 479 2106 534 aptissima

429 551 618 593 occurrit
649 551 694 593 in
718 552 953 607 Epicurum
976 553 1206 605 invectiva,
1217 552 1245 605 ι)
1280 564 1407 605 quam
1431 550 1545 593 omni
1568 551 1740 592 ornavit
1762 554 1855 594 arte
1876 552 2105 598 rhetorica.

428 626 545 681 Ergo
579 629 679 682 post
701 627 724 683 ξ
743 627 816 683 48,
851 641 962 682 quae
986 628 1208 683 perierunt
1231 640 1381 682 pauca,
1416 639 1502 670 non
1524 626 1609 668 iam
1633 638 1688 668 ex
1710 625 1829 669 fonte
1852 630 1977 670 erant
1999 633 2106 673 orta.

426 701 540 743 Nam
585 703 882 756 quaestionem
922 704 1061 758 ipsam
1104 703 1344 745 absolutam
1385 715 1478 745 esse
1512 702 1658 757 primis
1693 701 1798 756 §46
1834 702 1978 744 verbis
2011 703 2104 756 ipse

427 775 551 818 dicit:
586 777 667 819 hoc
698 778 827 820 modo
861 778 976 820 hanc
1010 791 1190 821 causam
1226 779 1459 832 disceptari
1492 780 1667 831 oportet.
1717 777 1876 820 Nescio
1911 790 1968 819 an
2001 776 2104 819 inde

426 863 611 905 quoque,
635 852 752 906 quod
775 852 846 895 hic
870 852 1187 907 quodammodo
1211 853 1377 896 indicat
1400 866 1446 896 se
1470 853 1527 895 ad
1549 852 1677 895 finem
1694 851 1824 895 fontis
1840 852 2103 907 pervenisse,

424 931 725 981 argumentum
765 929 903 983 possit
943 930 1068 982 sumi,
1111 942 1207 971 cum
1241 929 1286 970 in
1320 929 1425 984 §39
1462 928 1670 972 eiusmodi
1704 928 1815 971 nihil
1846 928 2102 981 inveniatur,

424 1002 676 1045 Ciceronem
709 1003 771 1046 ibi
806 1003 990 1046 eundem
1024 1006 1154 1058 atque
1189 1006 1319 1047 antea
1353 1006 1544 1047 secutum
1579 1016 1672 1047 esse
1706 1006 1937 1047 auctorem.

551 1124 731 1172 Constat
763 1129 912 1184 igitur,
955 1132 1161 1184 quantum
1197 1128 1372 1183 quidem
1405 1129 1549 1172 adhuc
1582 1130 1873 1184 repperimus,
1908 1128 2101 1184 disputa-

420 1205 582 1247 tionem
631 1204 844 1247 Antiochi
899 1208 987 1248 tres
1043 1204 1245 1248 habuisse
1302 1207 1466 1260 partes:
1524 1217 1632 1259 quas
1681 1205 1907 1248 restituere
1957 1205 2102 1248 conati

419 1292 567 1322 sumus
601 1283 655 1335 et,
690 1283 898 1334 quantum
927 1280 1021 1323 fieri
1044 1282 1195 1336 potuit,
1229 1295 1255 1323 a
1278 1281 1498 1324 Ciceronis
1521 1281 1941 1336 interpolationibus,
1973 1283 2021 1323 ut
2040 1281 2101 1324 ita

419 1355 581 1409 dicam,
626 1369 814 1412 purgare
859 1359 903 1399 et
943 1356 1225 1412 ostendimus,
1271 1369 1383 1411 quae
1423 1370 1510 1412 qua
1542 1358 1709 1399 ratione
1743 1358 1995 1400 mutavisset
2027 1359 2101 1399 aut

420 1433 694 1487 corrupisset.
748 1432 835 1475 Sed
869 1433 1061 1481 nondum
1095 1434 1228 1489 plane
1263 1433 1464 1476 confecta
1495 1447 1564 1477 res
1599 1437 1675 1487 est,
1709 1434 1910 1488 quoniam
1934 1434 2100 1475 initium

420 1507 726 1562 disputationis
750 1507 1061 1551 Ciceronianae
1095 1509 1341 1551 mutilatum
1365 1511 1447 1551 est:
1482 1508 1751 1563 interrogare
1774 1511 1955 1564 oportet,
1989 1521 2099 1563 quae

421 1582 482 1625 de
516 1586 662 1638 parte
698 1584 887 1626 amissa
920 1585 1088 1639 possint
1121 1584 1274 1627 conici.
1320 1585 1466 1638 Atque
1500 1597 1630 1626 unum
1664 1584 1838 1638 quidem
1870 1584 2098 1638 vestigium

420 1660 511 1701 eius
562 1660 677 1701 intra
720 1660 859 1714 ipsum
904 1659 1104 1702 libellum
1149 1662 1340 1702 nostrum
1385 1660 1584 1702 relictum
1631 1662 1713 1712 est,
1759 1659 1805 1701 in
1849 1659 1975 1714 §40‚
2024 1659 2099 1701 ubi

420 1734 592 1777 dicitur:
749 1735 976 1777 videamus
1008 1736 1056 1777 in
1091 1734 1435 1785 assensionibus,
1477 1746 1607 1787 qaas
1638 1735 1816 1787 prima
1857 1735 2098 1777 oratione

421 1811 668 1861 tractavi,
719 1809 957 1865 eodemque
1008 1809 1179 1853 videtur
1228 1811 1446 1866 respicere
1495 1810 1622 1866 §422
1673 1843 1682 1852 .
1713 1846 1723 1856 .
1753 1843 1762 1852 .
1809 1811 1924 1853 hanc
1969 1810 2100 1853 habet

415 1888 644 1937 rationem,
680 1919 689 1928 .
714 1920 722 1928 .
748 1920 757 1929 .
793 1900 943 1939 quam
978 1887 1168 1930 dadum
1203 1887 1439 1929 discimus.
1499 1886 1811 1942 Inquirendum
1846 1890 1923 1939 est,
1956 1889 2096 1929 utrum

415 1961 639 2004 Ciceronis
672 1962 754 2004 illa
786 1974 888 2017 pars
922 1965 966 2004 et
998 1961 1108 2004 haec
1143 1962 1278 2005 verba
1310 1962 1487 2018 propria
1521 1962 1606 2004 sint
1630 1975 1687 2004 an
1710 1975 1764 2004 ex
1787 1961 1906 2004 fonte
1930 1961 2095 2004 hausta.

414 2037 672 2091 Priusquam
704 2037 749 2079 id
785 2038 1087 2091 diiudicemus,
1122 2039 1211 2079 alia
1243 2051 1423 2080 necesse
1457 2041 1522 2080 est
1556 2038 1764 2092 colligere
1798 2038 1994 2093 vestigia.

541 2113 795 2157 Traduntur
828 2115 944 2156 enim
978 2113 1095 2169 apud
1128 2114 1389 2169 posteriores
1423 2115 1656 2169 scriptores
1690 2114 1915 2169 complura
1938 2126 1991 2156 ex
2014 2113 2096 2156 illa

414 2189 642 2245 deperdita
685 2191 822 2233 nostri
866 2190 1012 2233 libelli
1050 2193 1175 2245 parte
1214 2189 1476 2244 fragmenta,
1521 2190 1760 2244 composita
1791 2191 1891 2245 post
1924 2190 2034 2232 alios
2068 2204 2094 2232 a

414 2265 458 2309 C.
477 2267 526 2309 F.
545 2266 612 2309 W.
635 2267 864 2309 MuellerO.
920 2265 1111 2318 Quorum
1146 2265 1422 2309 manifestum
1458 2268 1522 2309 est
1555 2265 1611 2308 ad
1644 2266 1792 2309 locum
1825 2279 1852 2308 a
1885 2265 2093 2310 Cicerone

412 2354 467 2384 ex
499 2341 736 2384 Posidonio
784 2345 1050 2397 assumptum
1096 2355 1147 2384 ea
1191 2343 1428 2396 pertinere,
1474 2354 1585 2395 quae
1625 2341 1739 2396 apud
1774 2342 1888 2396 Aug.
1923 2341 1976 2384 de
2010 2342 2093 2384 ciV.

411 2418 494 2460 Dei
528 2419 567 2461 V
591 2419 618 2460 2
664 2432 719 2460 ex
762 2418 876 2460 libro
922 2417 976 2461 de
1017 2417 1106 2460 fato
1141 2418 1346 2461 citantur:
1393 2418 1476 2472 eis,
1521 2430 1781 2472 quamquam
1816 2417 1919 2460 satis
1952 2429 2095 2472 pauca

411 2496 522 2547 sunt,
557 2495 816 2550 supplentur
850 2497 893 2536 et
928 2493 1206 2536 declarantur
1238 2493 1288 2552 ἐξ
1308 2494 1334 2536 5
1360 2496 1403 2535 et
1427 2495 1467 2535 6.
1533 2493 1694 2535 Versus
1729 2505 1901 2547 quoque
1934 2491 2093 2535 ibidem

412 2569 447 2610 V
473 2571 501 2610 8
537 2582 590 2611 ex
625 2569 835 2612 Cicerone
869 2570 1063 2623 repetiti,
1105 2570 1208 2622 quia
1242 2569 1482 2610 clarissime
1516 2569 1727 2620 rationem
1761 2569 1925 2622 primae
1958 2568 2093 2622 partis

410 2656 518 2697 prae
552 2656 598 2686 se
626 2643 784 2695 ferunt,
819 2656 931 2696 quae
955 2645 1020 2686 est
1045 2642 1097 2685 de
1122 2642 1382 2697 contagione
1406 2655 1561 2696 rerum,
1595 2641 1649 2685 de
1674 2641 2092 2685 dissimilitudinibus

410 2719 599 2773 ipsarum
633 2719 845 2760 mentium
879 2718 1103 2760 hominum
1137 2731 1191 2760 ex
1226 2719 1367 2760 causis
1401 2719 1669 2761 naturalibus
1703 2717 1975 2774 factarum,²)
2007 2717 2091 2761 huc

410 2793 564 2837 referri
586 2798 784 2850 possunt:
810 2794 886 2838 sed
905 2794 950 2838 id
967 2808 1055 2838 non
1072 2794 1179 2838 licet
1196 2793 1445 2848 decernere,
1463 2807 1565 2837 num
1584 2808 1638 2837 ex
1656 2793 1774 2838 fonte
1792 2795 1878 2838 sint
1893 2793 2092 2850 hausti,3)

539 2958 570 3007 ¹)
599 2957 644 2996 In
673 2968 794 3007 quem
821 2957 898 2996 iam
924 2957 1038 3007 prius
1065 2957 1117 2997 de
1143 2960 1224 2997 nat.
1246 2957 1357 2997 deor.
1377 2957 1397 2996 I
1424 2957 1472 3008 §§
1493 2961 1540 2997 67
1555 2968 1645 3008 sqq.
1672 2957 1858 2998 invectus
1886 2960 1984 2997 erat.

536 3021 566 3069 ²)
604 3021 790 3070 Inprimis
827 3033 878 3060 ex
914 3021 1096 3060 locorum
1123 3025 1265 3061 natura
1293 3025 1334 3060 et
1361 3021 1500 3060 caelo
1529 3020 1596 3072 (§§
1616 3026 1637 3060 7
1653 3021 1732 3071 sq.)
1762 3038 1807 3053 =
1837 3019 1988 3070 quali

408 3082 603 3134 Iuppiter
631 3114 669 3122 ..
688 3115 696 3123 .
727 3084 972 3123 lustravit
1007 3084 1192 3123 lumine
1226 3087 1403 3123 terras.

534 3149 568 3195 ⁸)
608 3147 879 3198 Chrysippum
919 3159 1064 3187 versus
1105 3148 1161 3187 ita
1199 3147 1438 3188 adhibuisse
1477 3149 1639 3187 constat
1649 3161 1658 3197 3
1701 3145 1832 3187 videri
1866 3145 2005 3195 potest
2038 3154 2089 3184 ex

408 3208 511 3249 locis
538 3221 562 3249 a
588 3209 768 3250 Gerckio
797 3210 1071 3262 (Chrysippea
1096 3223 1136 3262 p.
1158 3213 1230 3250 714
1249 3210 1358 3262 sqq.)
1387 3210 1582 3250 collectis.
