2311 3772
321 271 379 314 20

318 402 482 456 potest:
524 399 581 443 ad
615 400 856 445 Stoicorum
898 400 1009 444 enim
1048 401 1256 442 naturam
1288 397 1527 454 respicit31)
1570 412 1711 454 neque
1744 397 1999 444 Academici

319 477 445 520 huius
491 477 766 521 audacissimi
812 480 854 520 et
898 477 1130 520 doctissimi
1172 475 1216 518 id
1257 476 1310 518 sit
1348 475 1506 529 vereri,
1550 488 1606 518 ne
1646 488 1793 519 omnes
1822 477 2000 532 physici

321 565 367 596 36
409 554 644 604 irrideant,
693 553 738 596 id
787 553 902 608 quod
944 553 1138 596 timidum
1184 554 1370 595 ostentat
1416 552 1488 594 vel
1532 555 1812 606 praecautum
1859 565 1996 607 genus

321 628 718 686 philosophandi.2)

449 706 517 747 De
560 718 608 747 re
653 718 794 760 pauca
840 704 1044 748 addenda
1087 705 1192 747 mihi
1233 707 1344 748 sunt.
1409 704 1460 746 In
1501 703 1610 759 §24
1644 701 1794 746 eadem
1827 702 1998 744 ratione

321 783 452 834 atque
498 780 552 823 de
597 780 668 823 fin.
693 782 731 824 V
765 780 871 836 §39
918 781 1124 824 sermonis
1167 781 1401 824 communis
1441 780 1675 823 afferuntur
1716 779 1915 834 exempla
1955 779 1999 820 et

322 855 377 897 ad
412 855 733 911 philosophiam
758 856 1080 911 explanandam
1104 856 1459 911 probandamque
1482 855 1816 909 intenduntur.3)
1871 854 1999 896 Ultra

321 931 591 976 Carneadem
632 933 717 975 iam
758 932 887 986 haec,
933 934 1067 976 multo
1110 933 1294 988 amplius
1329 932 1435 988 §25
1470 932 1683 987 procedit:
1727 932 1806 975 ille
1839 943 1995 985 nega-

323 1008 521 1062 veram)
576 1007 818 1050 voluntatis
867 1010 1046 1051 nostrae
1097 1011 1295 1051 externas
1346 1021 1504 1051 causas
1555 1020 1661 1062 esse,
1716 997 1829 1064 §25
1879 1019 1998 1050 con-

320 1081 561 1125 firmatur
604 1086 771 1125 natura
813 1083 910 1137 ipsa
949 1086 995 1125 ut
1035 1084 1079 1125 in
1114 1083 1273 1125 mundo
1308 1086 1472 1126 atomos
1506 1085 1566 1126 ita
1598 1084 1641 1125 in
1677 1084 1801 1126 nobis
1835 1082 1998 1124 animos

320 1158 496 1210 moveri,
531 1161 573 1200 et
607 1159 708 1201 illas
744 1162 787 1200 et
819 1157 898 1200 hos
932 1159 1049 1212 ipsos
1081 1162 1293 1200 naturam
1328 1171 1424 1200 eam
1456 1160 1504 1200 in
1537 1171 1583 1201 36
1617 1159 1845 1200 continere.

446 1232 595 1275 Facile
630 1233 905 1287 cognoscitur
936 1231 991 1274 ad
1015 1231 1141 1275 finem
1166 1232 1381 1288 quendam
1406 1233 1702 1287 quaestionem
1726 1232 1997 1288 pervenisse:

317 1311 469 1350 contra
509 1308 799 1363 Chrysippum
835 1309 1012 1363 Epicuri
1057 1310 1265 1351 auxilium
1312 1311 1565 1352 arcessitum
1611 1313 1675 1352 est
1721 1308 1776 1351 ad
1816 1309 1998 1351 liberam

315 1385 586 1427 voluntatem
626 1383 923 1438 obtinendam,
964 1385 1153 1440 Epicuro
1195 1384 1308 1427 nihil
1346 1383 1592 1440 proficienti
1626 1385 1860 1427 submissus
1895 1383 1996 1427 Car·

316 1459 492 1513 neades,
526 1460 587 1502 ita
621 1460 755 1503 vincit
788 1460 969 1503 libertas
1002 1461 1252 1514 voluntatis,
1286 1461 1563 1515 repelluntur
1597 1473 1752 1503 causae
1777 1463 1997 1513 externae,

318 1535 571 1579 conceditur
605 1549 698 1579 6336
733 1549 905 1590 causas,
946 1536 1023 1580 sed
1056 1537 1197 1580 inesse
1232 1537 1275 1579 in
1310 1539 1465 1579 natura
1499 1538 1757 1590 animorum,
1801 1550 1889 1579 non
1924 1549 1998 1578 ex-

317 1612 531 1656 trinsecus
566 1612 788 1656 accedere.

443 1689 596 1743 Itaque
642 1702 729 1731 non
770 1689 921 1731 mirum
963 1691 1044 1742 est,
1092 1688 1208 1743 quod
1250 1689 1293 1731 in
1334 1689 1440 1745 §26
1477 1688 1618 1731 denuo
1651 1688 1875 1744 incipitur,
1920 1687 1997 1730 sed

316 1764 447 1806 valde
492 1765 640 1817 miror,
685 1765 802 1819 quod
845 1768 932 1806 tam
979 1765 1276 1807 communibus
1320 1766 1608 1819 inanibusque
1649 1765 1794 1807 verbis
1828 1764 1995 1806 initium

315 1839 378 1883 fit:
417 1839 563 1894 Quod
597 1853 706 1883 cum
737 1842 816 1883 ita
849 1841 937 1894 sit,
973 1841 1099 1894 quid
1132 1844 1226 1892 est,
1262 1854 1351 1883 cur
1506 1841 1568 1884 At
1600 1839 1922 1895 neglegendum
1951 1839 1995 1882 id

315 1919 446 1969 esset,
508 1916 593 1959 nisi
650 1917 746 1959 aliis
803 1919 1036 1971 augeretur
1091 1917 1412 1959 offensionibus.
1500 1916 1783 1959 Desideratur
1837 1928 1996 1957 nomen

315 1991 549 2048 Chrysippi
592 1996 692 2048 post
737 1993 841 2045 §21
890 1980 1101 2048 nusquam
1143 1995 1541 2046 commemoratum,
1587 2006 1638 2035 eo
1679 1992 1836 2047 magis,
1881 1990 1997 2046 quod

314 2082 369 2112 ne
420 2070 636 2113 sententia
686 2069 861 2124 quidem
912 2071 1003 2113 eius
1053 2071 1221 2113 interim
1272 2071 1456 2126 repetita
1506 2073 1582 2113 est.
1664 2070 1801 2112 Multo
1852 2071 1996 2111 autem

314 2145 613 2189 vehementius
664 2146 860 2189 offendor
908 2147 1037 2189 rebus
1086 2148 1210 2202 ipsis,
1262 2159 1373 2201 quae
1424 2146 1494 2189 hic
1540 2146 1762 2189 docentur.
1838 2146 1996 2188 Nonne

313 2222 407 2277 ipse
438 2220 708 2276 Chrysippus
743 2221 1002 2265 defenderat
1035 2235 1204 2264 omnem
1239 2222 1577 2264 enuntiationem
1612 2224 1685 2263 aut
1718 2234 1865 2263 veram
1900 2233 1995 2263 esse

316 2299 389 2338 aut
422 2295 609 2339 falsam?
654 2296 762 2339 Mihi
797 2295 1086 2340 confitendum
1122 2300 1188 2339 est
1221 2310 1288 2339 me
1324 2309 1387 2351 ea,
1422 2309 1532 2351 quae
1565 2297 1609 2338 in
1644 2296 1745 2351 §26
1781 2295 1995 2349 dicuntur,

312 2385 455 2427 neque
489 2373 665 2428 singula
698 2386 858 2428 neque,
900 2387 985 2428 qua
1018 2373 1183 2416 ratione
1224 2373 1541 2428 argumentatio
1575 2371 1896 2428 progrediatur,
1931 2372 1993 2413 in-

312 2449 545 2503 tellegere;
592 2463 692 2491 nam
738 2462 866 2492 sensu
909 2453 1061 2492 carent
1104 2462 1245 2503 neque
1289 2450 1403 2491 inter
1448 2462 1494 2491 se
1540 2449 1644 2491 satis
1691 2461 1858 2490 conexa
1898 2449 1997 2490 sunt

312 2537 455 2579 neque
500 2524 556 2568 ad
597 2538 650 2568 ea
691 2525 928 2580 quadrant,
974 2539 1085 2580 quae
1128 2528 1257 2568 antea
1291 2524 1359 2581 (ἐξ
1384 2526 1442 2567 23
1462 2523 1573 2580 sqq.)
1608 2523 1851 2578 disceptata
1885 2525 1995 2565 sunt.

314 2602 447 2645 Recte
498 2601 608 2644 vidit
658 2603 860 2645 Stuevius
901 2602 959 2656 (p.
985 2602 1030 2656 5)
1082 2600 1135 2644 de
1183 2601 1348 2654 futuris
1398 2601 1468 2643 hic
1519 2601 1608 2655 agi,
1659 2600 1813 2643 iterum
1864 2601 1994 2654 atque

313 2677 468 2718 iterum
503 2678 689 2731 legimus
724 2690 819 2719 eam
852 2689 1024 2728 vocem3
1059 2677 1133 2730 qui
1166 2689 1269 2718 vero
1303 2677 1348 2718 id
1381 2676 1543 2719 factum
1575 2679 1700 2729 esset,
1735 2688 1994 2730 quamquam

316 2753 367 2804 ἓξ
388 2753 446 2793 26
462 2765 555 2807 sqq.
580 2752 788 2808 cognovit
821 2752 876 2795 ab
911 2751 1268 2795 antecedentibus
1303 2751 1609 2807 disiungendas
1640 2764 1747 2806 esse,
1780 2764 1868 2795 non
1892 2752 1995 2795 satis

443 2902 474 2950 ¹)
502 2900 671 2941 Probari
696 2904 847 2952 potest,
876 2912 979 2951 quae
1006 2900 1046 2940 in
1075 2900 1164 2952 §25
1193 2899 1404 2951 docentur,
1434 2912 1485 2940 ex
1511 2900 1602 2951 ipso
1622 2900 1850 2953 Chrysippo
1871 2900 1996 2940 ducta

315 2975 424 3003 esse:
452 2977 491 3003 v.
520 2965 567 3015 ἕξ
587 2968 738 3004 42—43
766 2965 926 3015 (suapte
951 2967 1104 3004 natura
1131 2964 1235 3015 §42
1262 2966 1406 3014 suapte
1433 2964 1475 3003 vi
1503 2966 1539 3003 et
1565 2966 1717 3004 natura
1744 2964 1866 3015 §4:3).

441 3027 473 3077 ²)
509 3027 745 3067 Ciceronem
785 3031 925 3068 notum
966 3030 1030 3067 est
1068 3026 1265 3078 physicos
1304 3026 1421 3077 parvi
1461 3027 1671 3077 putavisse
1711 3030 1782 3066 aut
1819 3025 1995 3066 illusisse

313 3089 445 3141 (velut
472 3102 530 3130 ac.
550 3091 591 3130 ΙΙ
618 3091 641 3142 ξ
663 3092 741 3142 30).

440 3154 471 3204 ⁸)
500 3153 749 3194 Antiochum
776 3155 1055 3196 Ascalonitam
1083 3155 1135 3194 ad
1164 3166 1255 3195 eum
1281 3154 1426 3195 librum
1453 3154 1679 3195 adhibitum
1706 3164 1796 3193 esse
1823 3153 1994 3193 constat.

441 3217 473 3269 ⁴)
502 3216 560 3257 Cf.
590 3217 709 3257 etiam
737 3217 841 3270 §31,
