2311 3772
474 242 534 286 24

473 373 640 427 offerre,
673 375 818 418 locum
853 375 964 432 dico,
997 378 1071 421 ubi
1104 376 1158 421 de
1194 378 1450 421 aeternitate
1484 391 1719 424 cansarum
1752 383 1906 439 agitur.
1958 385 2145 430 Dubium

473 464 562 494 non
605 454 749 507 potest
794 466 907 508 esse,
954 455 1058 510 quin
1101 453 1172 497 hic
1210 455 1342 510 plane
1376 455 1527 498 eadem
1561 454 1636 500 fiat
1669 456 1887 504 distinctio
1923 475 2145 507 causarum

474 530 605 582 atque
650 528 697 570 in
741 529 867 585 §19‚
914 530 1150 585 eademque
1195 532 1323 573 etiam
1368 532 1412 574 in
1455 531 1504 588 ἐξ
1529 533 1587 574 32
1630 536 1672 576 et
1713 535 1772 576 33
1817 539 1946 592 atque
1990 540 2061 594 37,
2104 541 2146 582 et

474 604 579 657 quin
639 604 740 648 huic
800 607 966 648 notioni
1027 606 1299 650 aeternitatis
1358 606 1473 650 idem
1533 608 1808 652 atttribuatur
1859 613 2030 667 pondus
2079 614 2144 658 his

473 679 582 721 locis
633 680 842 723 omnibus.
918 683 1019 724 Non
1062 685 1223 725 temere
1267 683 1312 725 in
1356 685 1462 736 §29
1508 685 1753 728 immutatur
1795 687 1931 741 notio,
1982 688 2056 731 sed
2099 689 2143 731 id

475 755 771 810 contenditur,
821 770 920 799 non
968 761 1147 800 contra
1189 772 1372 802 nomen
1418 759 1514 803 fati
1558 760 1647 805 sed
1692 765 1873 805 contra
1917 764 2143 807 aeterni-

474 832 631 873 tatem
682 845 951 875 causarum
996 835 1229 888 pugnari.
1301 836 1369 878 De
1414 840 1667 891 argumento
1712 838 1858 893 igitur,
1903 838 2016 894 quod
2061 839 2144 884 hoc

472 907 574 948 loco
623 909 851 962 tractetur,
900 909 1101 952 Stuevius
1152 911 1313 954 erravit
1328 912 1379 965 1):
1435 925 1577 968 neque
1627 914 1739 956 enim
1788 918 1959 971 praeter
2005 916 2144 971 prima

472 982 608 1025 verba
657 983 887 1038 quicquam
938 984 993 1027 ad
1043 987 1251 1040 iynavam
1295 990 1399 1042 puto
1442 990 1657 1032 rationem
1700 991 1929 1047 pertinere.
2004 993 2143 1048 Magis

472 1059 733 1100 conectendi
767 1062 808 1101 et
839 1062 1148 1114 praetereundi
1182 1075 1312 1105 causa
1344 1064 1426 1105 illa
1459 1064 1630 1107 videtur
1653 1069 1986 1110 commemorari.
2030 1069 2144 1111 Nam

471 1146 582 1187 quae
623 1133 738 1188 apud
774 1133 1025 1178 Ciceronem
1067 1137 1229 1191 scripta
1268 1140 1384 1180 sunt:
1427 1140 1679 1192 appellatur
1717 1143 1831 1184 enirn
1871 1145 2082 1195 quidam
2116 1159 2144 1187 a

458 1207 800 1260 philosophis
835 1232 892 1238 —
929 1209 1215 1262 quibusnam?
1249 1224 1393 1253 nonne
1426 1212 1680 1266 Epicureis?
1708 1238 1763 1244 —
1800 1206 1946 1274 ἀργὸς
1981 1212 2144 1275 λόγος,

467 1284 550 1324 eut
592 1284 639 1325 st
671 1295 976 1335 pareamus,
1016 1285 1132 1326 nihil
1173 1287 1347 1328 omnino
1382 1299 1568 1341 ayarnus
1603 1290 1650 1331 in
1682 1291 1792 1339 vita,
1833 1292 2143 1347 ineptissimam

464 1357 598 1412 ipsius
655 1359 979 1402 annotationem
1035 1373 1128 1403 esse
1184 1360 1459 1405 manifestum
1516 1367 1600 1416 est3
1654 1378 1741 1408 non
1796 1366 2016 1411 intellexit
2064 1381 2143 1424 per

464 1432 701 1475 ludibrium
749 1447 905 1476 nomen
951 1447 1045 1477 esse
1090 1436 1285 1478 inditum.
1360 1437 1556 1481 Eundem
1601 1440 1646 1481 in
1691 1442 1797 1493 §29
1843 1442 2141 1487 intromisisse:

462 1509 621 1552 Recte
681 1523 844 1565 yenns
906 1511 998 1554 hoe
1058 1513 1506 1569 interrogationis
1567 1517 1776 1570 iynavmn
1838 1521 1968 1572 atque
2026 1521 2144 1565 iners

462 1587 739 1629 nonfflzatmn
781 1591 861 1638 est,
903 1589 1020 1641 quod
1060 1591 1235 1632 eadem
1274 1593 1482 1634 ratione
1523 1595 1688 1636 omnis
1731 1607 1751 1636 e
1790 1596 1901 1637 vita
1937 1597 2144 1640 tollitur

465 1664 622 1713 aetio,
670 1664 761 1705 veri
807 1664 1015 1707 simillum
1060 1665 1106 1707 fit
1152 1669 1194 1709 et
1228 1680 1440 1710 consensu
1474 1682 1570 1711 cum
1602 1670 1700 1713 loco
1737 1671 1863 1714 modo
1897 1672 2141 1728 vituperato

462 1741 504 1780 et
549 1738 842 1794 discrepantia
882 1754 907 1782 a
942 1742 1067 1793 §312
1114 1755 1193 1785 nee
1224 1743 1367 1786 ullam
1401 1745 1637 1788 adhibebat
1668 1747 1955 1799 calumniam,
2001 1752 2043 1792 et
2077 1763 2140 1804 eo,

460 1813 578 1869 quod
613 1828 675 1858 ac.
700 1816 741 1857 II
776 1815 798 1871 ξ
825 1816 882 1859 39
919 1818 1085 1860 collata
1119 1818 1329 1863 credibile
1359 1823 1424 1863 est
1448 1821 1700 1865 Ciceronem
1722 1823 1863 1878 ipsum
1887 1838 1910 1868 e
1934 1826 2140 1869 memoria

457 1890 567 1931 talia
600 1889 839 1945 adiungere
872 1893 1075 1946 potuisse.
1141 1895 1191 1935 In
1225 1894 1344 1938 fonte
1378 1896 1520 1950 igitur,
1558 1910 1669 1951 quae
1703 1899 1747 1940 in
1782 1899 1889 1954 §28
1923 1901 2140 1956 leguntur,

457 1966 518 2008 ita
552 1965 643 2009 fere
678 1971 834 2022 coepta
869 1971 1009 2011 erant:
1045 1959 1167 2013 οὗθ’
1189 1966 1313 2031 ἡμᾶς
1348 1968 1562 2018 κωλύσει
1595 1969 1784 2028 ἐκεῖνος
1820 1970 1846 2020 ὁ
1874 1972 2140 2035 λεγόμενος

458 2032 609 2105 ἀργὸς
664 2038 827 2102 λόγος.
910 2036 1154 2104 Ἐρωτῶσι
1212 2041 1304 2107 γὰρ
1356 2044 1569 2094 οὑτωσί·
1623 2047 1663 2095 εἰ
1715 2046 2009 2111 εἱμαρμένου
2061 2052 2140 2099 σοι’

457 2114 560 2162 ἐστι
597 2152 638 2161 ..
666 2152 673 2161 .
710 2122 751 2162 et
784 2121 829 2161 in
864 2120 979 2163 hanc
1013 2122 1238 2176 periodum
1272 2125 1416 2166 statim
1451 2128 1544 2168 erat
1576 2127 1835 2170 insecutum:
1875 2118 2138 2191 Ένδέχρται

457 2190 508 2237 δὲ
542 2192 625 2238 καὶ
658 2190 977 2253 μεταλλάξαι,
1012 2189 1140 2241 ὥστε
1177 2233 1185 2242 .
1213 2233 1221 2242 .
1250 2233 1258 2242 .

581 2271 753 2314 Nomen
775 2272 908 2326 igitur
930 2273 1130 2327 ignarae,
1161 2286 1271 2328 quae
1296 2274 1533 2330 dicebatur,
1555 2278 1744 2321 rationis
1767 2284 2136 2336 commemoratur,

455 2345 570 2400 quod
600 2359 651 2389 eo
676 2347 917 2391 clarissime
942 2352 983 2391 et
1007 2349 1257 2394 brevissime
1282 2351 1549 2406 significatur
1573 2353 1731 2397 abhinc
1760 2355 1815 2398 ad
1839 2369 1933 2399 eam
1956 2358 2139 2412 procedi

453 2421 694 2465 Stoicorum
728 2424 998 2479 sentent-iam,
1033 2438 1118 2480 qua
1152 2427 1296 2469 omnia
1319 2429 1580 2472 necessitate
1604 2428 1717 2472 effici
1742 2430 1927 2474 doceant
1949 2434 2132 2476 aeterni-

452 2501 541 2540 tate
582 2503 784 2541 manante
828 2513 966 2554 eaque
1001 2514 1133 2544 caeca
1168 2505 1210 2544 et
1243 2505 1330 2545 tam
1364 2504 1642 2559 immutabili,
1682 2509 1729 2547 ut
1762 2507 1887 2549 nullo
1922 2508 2060 2551 studio
2096 2512 2138 2552 et

452 2574 604 2618 labore
649 2575 802 2618 evitari
845 2577 918 2619 vel
958 2577 1075 2620 vinci
1115 2578 1263 2633 possit.
1337 2579 1526 2635 Aliquid
1566 2581 1745 2625 liberius
1788 2581 2136 2642 Chrysippum

454 2650 694 2703 censuisse,
736 2652 808 2704 qui
846 2652 958 2694 inter
991 2654 1211 2707 simplicia
1244 2657 1286 2696 et
1322 2656 1530 2707 copulata
1564 2657 1847 2711 distinxisset,
1889 2673 2001 2714 quae
2036 2674 2134 2703 eon-

453 2725 624 2778 fatatta
658 2727 982 2771 nominavisset.
1050 2726 1295 2784 Opponitur
1327 2744 1504 2786 prorsus
1539 2732 1690 2776 eadem
1725 2734 1891 2779 ratione
1926 2738 2057 2792 atque
2089 2737 2135 2780 in

454 2800 555 2856 §23
591 2801 908 2857 Carneades,
943 2804 1062 2847 cuius
1097 2806 1322 2849 conclusio
1358 2808 1602 2851 continetur
1636 2808 1752 2866 §3L
1797 2811 2133 2858 Evidentissime

451 2875 598 2919 finitur
637 2878 768 2921 laude
811 2880 936 2931 §322
977 2881 1079 2923 Hoc
1121 2883 1261 2924 artius
1303 2885 1492 2937 astrinyi
1533 2886 1648 2927 ratio
1691 2899 1781 2929 non
1814 2891 1984 2941 potest·
2028 2903 2133 2932 nam

581 3002 611 3050 ¹)
640 3002 890 3051 Quamquam
926 3004 1034 3043 idem
1072 3005 1127 3054 (p.
1151 3007 1214 3054 10)
1251 3006 1290 3044 in
1319 3006 1367 3057 ἐξ
1388 3010 1431 3045 31
1445 3019 1533 3058 sqq.
1562 3009 1659 3049 inde
1690 3021 1713 3049 a
1739 3011 1893 3051 verbis:
1929 3012 1967 3051 si
1994 3013 2133 3051 omnia

451 3063 548 3102 nihil
584 3064 661 3103 iam
697 3064 749 3104 ad
785 3065 893 3105 illam
923 3067 1094 3108 attinere
1123 3069 1326 3120 sagaciter
1353 3069 1606 3123 observavit,
1644 3072 1772 3123 unde,
1811 3074 1924 3124 quod
1952 3074 2128 3115 coniecit

453 3126 630 3177 collegit.
691 3128 973 3170 Schmekelius
1010 3132 1065 3182 (p.
1090 3135 1158 3172 166
1197 3136 1237 3173 et
1276 3134 1365 3185 169)
1405 3147 1537 3186 neque
1572 3136 1615 3175 id
1650 3138 1859 3188 perspexit
1895 3140 1936 3177 et
1970 3137 2130 3177 nomine

452 3189 522 3230 illo
552 3191 777 3231 universam
806 3193 1034 3234 Stoicorum
1061 3197 1302 3237 sententiam
1329 3198 1395 3238 hic
1420 3199 1638 3250 significari
1664 3200 1830 3241 videtur
1856 3200 2045 3242 sensisse.
