2297 3758
329 268 388 312 30

329 411 424 441 esse
470 400 756 443 assentiamur
789 398 1105 445 SchmeckeliO.
1170 399 1280 442 Nam
1326 398 1495 442 etiamsi
1538 400 1754 443 nonnulla
1793 415 1847 444 ex
1880 395 2005 460 §44‚

329 474 526 530 inprimis
576 476 661 518 illa
704 476 857 530 verba,
907 489 1017 530 quae
1064 474 1326 518 Antiochum
1373 474 1587 528 indicant,
1636 478 1683 518 ut
1727 489 1753 517 a
1798 477 2006 520 Cicerone

330 550 520 604 adiecta,
565 551 679 594 demi
723 555 918 608 possent,
963 551 1006 594 id
1046 551 1161 606 quod
1195 563 1467 606 nequaquam
1503 549 1716 604 concedo,
1761 553 1906 594 tamen
1939 565 2005 594 re-

329 628 542 681 linquitur
587 630 726 671 omnis
770 628 1108 684 philosophandi
1155 628 1266 671 ratio
1312 627 1437 670 huius
1479 627 1629 682 partis:
1675 638 1728 668 ea
1767 639 1870 669 vero
1904 629 2006 670 talis

330 706 408 757 est,
443 706 490 745 ut
522 705 614 746 illis
648 704 793 747 verbis
826 704 871 746 id
904 708 1070 746 tantum
1103 704 1293 746 breviter
1327 702 1591 758 significetur
1620 705 1663 745 et
1687 702 2006 757 comprimatur,

330 779 448 833 quod
493 779 576 823 hac
616 784 740 835 parte
774 783 866 823 tota
900 779 1096 823 efficitur.
1162 781 1220 824 Ut
1253 782 1378 823 notos
1412 779 1607 822 homines
1641 792 1694 821 ex
1727 777 1877 820 habitu
1909 778 2005 820 solo

331 857 373 897 et
416 854 556 909 figura
599 857 724 897 vultu
766 856 992 910 oculisque
1026 869 1114 898 non
1147 856 1392 911 conspectis
1425 857 1579 911 procul
1612 854 1901 909 agnoscimus,
1945 854 2006 896 ita

331 933 494 974 omnis
528 933 664 974 ratio
698 931 850 975 huius
885 933 1051 987 partis
1076 932 1392 976 Antiochum
1427 932 1585 988 sapit3
1618 932 1701 974 illa
1723 944 1827 974 vero
1851 930 2005 973 verba:

329 1008 468 1049 verbis
520 1020 608 1058 eos,
658 1020 748 1050 non
796 1021 843 1050 re
892 1008 1101 1051 dissidere
1151 1008 1274 1062 quasi
1323 1008 1438 1051 oculi
1486 1006 1738 1063 philosophi
1754 1007 1788 1064 ¹)
1827 1005 2007 1062 putandi

330 1086 446 1134 sunt3
491 1084 564 1125 vix
610 1085 750 1126 minus
797 1087 960 1126 certum
1006 1087 1106 1126 sunt
1138 1084 1343 1127 indicium
1379 1097 1507 1138 quam
1540 1084 1824 1126 nomenoius
1856 1083 2006 1138 ipsum.

455 1159 542 1202 Sed
586 1160 764 1214 insuper
805 1161 894 1201 alia
928 1161 1082 1202 afferre
1115 1173 1342 1214 possumus
1378 1160 1653 1203 documenta:
1697 1173 1798 1202 nam
1832 1158 2007 1202 maximi

327 1236 531 1292 ponderis
566 1239 632 1278 est
665 1249 903 1279 consensus
938 1236 1248 1279 sententiarum
1283 1249 1411 1290 quam
1445 1236 1719 1291 plenissimus
1753 1236 1865 1279 inter
1892 1234 2007 1278 hanc

325 1315 492 1367 partem
528 1315 571 1354 et
606 1325 668 1354 ac.
693 1313 736 1354 ΙΙ
770 1311 819 1368 ἐξ
844 1314 967 1354 37-
983 1313 1041 1354 39
1077 1312 1138 1366 (et
1171 1312 1298 1368 §30)
1331 1311 1681 1367 intercedens:²)
1716 1325 1768 1354 ea
1800 1310 2007 1354 Antiochi

327 1401 421 1430 esse
454 1401 581 1430 nemo
616 1386 845 1430 infitiatur:
881 1401 985 1442 ergo
1020 1388 1129 1431 haec
1164 1401 1337 1442 quoque
1360 1387 1567 1431 Antiochi
1601 1401 1696 1431 esse
1729 1400 1907 1431 necesse
1931 1388 2007 1429 est.

327 1462 513 1507 Omnino
559 1466 702 1506 autem
745 1463 830 1507 dici
870 1467 1018 1520 potest
1050 1464 1303 1508 Ciceronem
1338 1463 1547 1508 Antiochi
1578 1465 1714 1507 libros
1747 1477 1834 1507 non
1868 1463 2007 1505 minus

327 1552 460 1594 saepe
516 1539 573 1580 ad
640 1539 980 1582 conscribendos
1036 1552 1135 1582 suos
1202 1541 1486 1594 assumpsisse
1551 1552 1679 1594 quam
1735 1538 2006 1582 Clitomachi.

328 1616 554 1658 Postremo
600 1616 728 1658 nulla
772 1616 861 1657 alia
906 1616 1156 1658 coniectura
1201 1615 1417 1658 declarari
1457 1616 1594 1670 possit
1627 1618 1848 1658 auctorem
1880 1613 2007 1656 huius

327 1691 635 1747 disputationis
670 1694 713 1735 et
744 1691 1012 1735 Carneadem
1047 1694 1093 1735 et
1113 1691 1404 1747 Chrysippum
1438 1692 1604 1747 sequiss)
1634 1693 1765 1746 atque
1794 1690 2006 1734 venerari.

325 1769 437 1812 Nam
488 1782 585 1823 nos,
636 1768 839 1824 quoniam
888 1771 1068 1825 partes
1118 1768 1499 1813 antecedentes
1549 1782 1604 1812 ex
1643 1767 1870 1813 Carneade
1918 1780 2007 1810 non

325 1845 499 1887 fluxisse
545 1845 829 1899 ostendimus,
880 1844 1015 1888 nihil
1064 1845 1300 1900 impedit,
1350 1846 1622 1899 quominus
1675 1844 1841 1887 eidem
1889 1843 2005 1887 red-

325 1920 500 1963 damus
539 1920 826 1974 Antiocho,
870 1933 958 1962 una
992 1920 1164 1975 quidem
1199 1921 1372 1963 sublata
1405 1920 1679 1964 difficultate:
1719 1919 2005 1980 primoenim

325 1996 609 2040 admiratione
643 1995 870 2051 afficimur,
911 1996 1046 2051 quod,
1086 2000 1316 2052 postquam
1350 2000 1480 2040 antea
1513 1997 1638 2052 quasi
1670 1999 1907 2053 pugnatum
1942 1998 2008 2038 est

323 2073 368 2115 in
403 2073 715 2129 Chrysippum,
759 2073 873 2116 idem
914 2074 1056 2117 subito
1102 2075 1264 2117 arbiter
1296 2074 1558 2117 honorarius
1591 2073 1854 2118 nominatur:
1894 2084 2006 2126 quae

323 2150 438 2192 inter
482 2163 528 2193 se
573 2163 770 2206 pugnare
814 2149 1105 2206 philosophus
1149 2151 1244 2206 ipse
1289 2149 1462 2193 videtur
1506 2149 1691 2193 sensisse
1735 2151 1778 2192 et
1816 2148 1871 2191 ob
1912 2161 2006 2191 eam

325 2240 499 2269 causam
533 2228 578 2268 in
612 2227 719 2283 §39
755 2227 863 2270 haec
897 2227 1228 2283 interposuisse:
1265 2227 1367 2270 dum
1402 2230 1548 2269 autem
1580 2226 1720 2269 verbis
1740 2227 1883 2268 utitur
1902 2226 2006 2275 suis,

326 2303 548 2345 delabitur
590 2305 638 2345 in
681 2316 756 2346 eas
799 2303 1104 2357 difficultates,
1147 2306 1200 2345 ut
1229 2305 1531 2346 necessitatem
1562 2303 1654 2357 fati
1686 2302 1909 2356 confirmet
1938 2302 2005 2343 in-

323 2379 460 2420 ritus:
507 2378 635 2431 haec,
676 2380 760 2421 nisi
800 2393 853 2421 ea
894 2380 1064 2422 ratione
1105 2380 1268 2434 scripta
1308 2392 1403 2422 esse
1444 2380 1778 2433 intelleguntur,
1819 2377 2008 2420 absurda

326 2457 443 2506 sunt3
478 2454 540 2497 sic
574 2468 678 2497 vero
713 2468 765 2497 ea
798 2455 895 2509 ipsa
929 2454 1057 2510 signa
1089 2458 1255 2510 putem,
1300 2467 1412 2509 quae
1446 2453 1728 2506 antecedunt,
1772 2454 1919 2508 partes
1952 2450 2006 2494 ab

326 2529 478 2572 eodem
529 2533 705 2572 auctore
756 2531 1018 2585 compositas
1069 2543 1165 2572 esse
1217 2533 1348 2584 atque
1397 2529 1514 2572 hanc
1562 2529 1875 2584 postremam.⁴)
1953 2527 2009 2569 Et

456 2641 487 2687 ²)
516 2640 577 2678 Cf.
606 2651 667 2678 ac.
687 2639 706 2677 I
734 2639 825 2689 §17
863 2642 904 2678 et
940 2640 992 2678 de
1029 2639 1095 2678 fin.
1115 2639 1186 2689 IV,
1224 2639 1332 2678 unde
1367 2642 1456 2678 orta
1490 2642 1584 2678 sunt
1617 2650 1676 2678 ac.
1695 2638 1735 2677 11
1762 2638 1852 2689 §15
1887 2641 1929 2677 et
1955 2638 2007 2678 de

326 2704 406 2741 nat.
427 2701 538 2741 deor.
559 2701 579 2740 Ι
606 2701 629 2752 ξ
653 2704 711 2740 16.

455 2767 487 2815 ²)
515 2765 671 2804 Eadem
707 2765 888 2805 nituntur
923 2765 1127 2805 sententia
1162 2765 1214 2805 de
1248 2765 1313 2805 fin.
1334 2765 1372 2805 V
1399 2765 1490 2816 §36
1519 2768 1560 2805 et
1587 2768 1656 2805 39:
1691 2765 1808 2805 huius
1842 2773 2007 2816 quoque

327 2828 409 2867 loci
436 2831 581 2868 auctor
606 2828 836 2868 Antiochus
865 2832 940 2868 est.

454 2893 487 2941 3)
517 2892 578 2931 Cf.
609 2893 728 2931 etiam
758 2904 816 2943 ea,
845 2903 949 2942 quae
976 2904 1098 2943 supra
1124 2893 1176 2932 de
1205 2892 1305 2943 §25-
1324 2893 1550 2942 suspicatus
1577 2905 1666 2932 sum
1696 2893 1750 2943 (p.
1770 2896 1819 2932 20
1845 2892 1937 2932 adn.
1954 2893 2006 2942 1).

453 2958 486 3004 ⁴)
515 2956 745 2996 Meminisse
781 2959 962 3006 oportet,
1000 2956 1070 2996 ubi
1105 2957 1387 2997 vehementius
1418 2957 1457 2997 in
1485 2956 1755 3008 Chrysippum
1782 2955 2008 3005 incurritur,

325 3017 368 3056 id
401 3029 424 3058 a
454 3018 651 3059 Cicerone
684 3019 774 3070 ipso
809 3019 897 3059 fieri
929 3020 971 3070 (ξ
992 3024 1013 3058 7
1043 3019 1196 3070 [laquei
1214 3036 1264 3053 =
1284 3019 1336 3059 de
1363 3031 1419 3059 or.
1449 3019 1467 3058 I
1496 3020 1606 3070 §43]
1635 3019 1722 3071 §12
1750 3018 1800 3071 ἓξ
1826 3018 2007 3067 15-16);

325 3082 347 3132 ξ
372 3085 414 3121 21
447 3086 582 3122 autem
612 3095 702 3122 cum
730 3084 820 3133 §38
849 3084 1122 3133 comparanda
1149 3087 1223 3123 est.
1277 3084 1447 3123 Omnino
1476 3096 1573 3123 vero
1602 3083 1654 3124 ab
1682 3081 1888 3122 Antiocho
1916 3081 2007 3130 ipso

323 3145 453 3184 lenius
490 3150 531 3185 et
565 3146 806 3196 placabilius
843 3146 1075 3186 dimicatur:
1113 3148 1265 3196 passim
1301 3147 1500 3198 (inprimis
1537 3147 1585 3198 ἐξ
1605 3150 1648 3186 31
1681 3149 1723 3186 et
1749 3145 1815 3195 38)
1849 3143 2007 3195 probat,

325 3220 430 3260 quae
458 3210 632 3259 probare
659 3213 809 3261 potest.
