<?xml version="1.0" encoding="UTF-8"?>
<!DOCTYPE html PUBLIC "-//W3C//DTD XHTML 1.0 Transitional//EN"
    "http://www.w3.org/TR/xhtml1/DTD/xhtml1-transitional.dtd">
<html xmlns="http://www.w3.org/1999/xhtml" xml:lang="en" lang="en">
 <head>
  <title>
</title>
<meta http-equiv="Content-Type" content="text/html;charset=utf-8" />
  <meta name='ocr-system' content='tesseract 3.04.00' />
  <meta name='ocr-capabilities' content='ocr_page ocr_carea ocr_par ocr_line ocrx_word'/>
</head>
<body>
  <div class='ocr_page' id='page_1' title='image "./4626154_0025.png"; bbox 0 0 2311 3772; ppageno 0'>
   <div class='ocr_carea' id='block_1_1' title="bbox 496 228 551 272">
    <p class='ocr_par' dir='ltr' id='par_1_1' title="bbox 496 228 551 272">
     <span class='ocr_line' id='line_1_1' title="bbox 496 228 551 272; baseline 0.055 -3"><span class='ocrx_word' id='word_1_1' title='bbox 496 228 551 272; x_wconf 87' lang='grc'><strong>16</strong></span> 
     </span>
    </p>
   </div>
   <div class='ocr_carea' id='block_1_2' title="bbox 485 352 2172 2914">
    <p class='ocr_par' dir='ltr' id='par_1_2' title="bbox 487 352 2172 1697">
     <span class='ocr_line' id='line_1_2' title="bbox 487 352 2170 414; baseline 0.003 -18"><span class='ocrx_word' id='word_1_2' title='bbox 487 352 672 397; x_wconf 90' lang='lat' dir='ltr'><strong>Diodori</strong></span> <span class='ocrx_word' id='word_1_3' title='bbox 706 354 881 410; x_wconf 90' lang='lat' dir='ltr'><strong>quidem</strong></span> <span class='ocrx_word' id='word_1_4' title='bbox 915 370 994 412; x_wconf 89' lang='lat' dir='ltr'><strong>per</strong></span> <span class='ocrx_word' id='word_1_5' title='bbox 1028 370 1074 400; x_wconf 89' lang='lat' dir='ltr'><strong>se</strong></span> <span class='ocrx_word' id='word_1_6' title='bbox 1098 359 1204 411; x_wconf 89' lang='lat' dir='ltr'><strong>sola,</strong></span> <span class='ocrx_word' id='word_1_7' title='bbox 1239 356 1472 412; x_wconf 83' lang='lat' dir='ltr'>Chrysippi</span> <span class='ocrx_word' id='word_1_8' title='bbox 1496 355 1697 400; x_wconf 80' lang='lat' dir='ltr'><strong>admixtis</strong></span> <span class='ocrx_word' id='word_1_9' title='bbox 1722 359 1949 414; x_wconf 89' lang='lat' dir='ltr'><strong>exemplis.</strong></span> <span class='ocrx_word' id='word_1_10' title='bbox 2000 357 2170 402; x_wconf 81' lang='lat' dir='ltr'><strong>Deinde</strong></span> 
     </span>
     <span class='ocr_line' id='line_1_3' title="bbox 491 428 2168 491; baseline 0.003 -19"><span class='ocrx_word' id='word_1_11' title='bbox 491 428 825 487; x_wconf 88' lang='lat' dir='ltr'><strong>demonstratur,</strong></span> <span class='ocrx_word' id='word_1_12' title='bbox 859 432 1065 488; x_wconf 90' lang='lat' dir='ltr'><strong>quoniam</strong></span> <span class='ocrx_word' id='word_1_13' title='bbox 1089 432 1339 490; x_wconf 90' lang='lat' dir='ltr'><strong>comprobet</strong></span> <span class='ocrx_word' id='word_1_14' title='bbox 1361 431 1510 475; x_wconf 90' lang='lat' dir='ltr'><strong>divina</strong></span> <span class='ocrx_word' id='word_1_15' title='bbox 1531 431 1768 488; x_wconf 88' lang='lat' dir='ltr'><strong>praedicta,</strong></span> <span class='ocrx_word' id='word_1_16' title='bbox 1803 445 1855 476; x_wconf 91' lang='lat' dir='ltr'><strong>eo</strong></span> <span class='ocrx_word' id='word_1_17' title='bbox 1879 432 2168 491; x_wconf 88' lang='lat' dir='ltr'><strong>Chrysippum</strong></span> 
     </span>
     <span class='ocr_line' id='line_1_4' title="bbox 491 508 2171 567; baseline 0.003 -19"><span class='ocrx_word' id='word_1_18' title='bbox 491 508 603 562; x_wconf 93' lang='lat' dir='ltr'><strong>cogi,</strong></span> <span class='ocrx_word' id='word_1_19' title='bbox 637 511 684 550; x_wconf 90' lang='lat' dir='ltr'><strong>ut</strong></span> <span class='ocrx_word' id='word_1_20' title='bbox 718 510 980 553; x_wconf 83' lang='lat' dir='ltr'><strong>assentiatur</strong></span> <span class='ocrx_word' id='word_1_21' title='bbox 1003 510 1183 553; x_wconf 89' lang='lat' dir='ltr'><strong>Diodori</strong></span> <span class='ocrx_word' id='word_1_22' title='bbox 1217 510 1467 553; x_wconf 88' lang='lat' dir='ltr'><strong>sententiae.</strong></span> <span class='ocrx_word' id='word_1_23' title='bbox 1521 509 1578 551; x_wconf 88' lang='lat' dir='ltr'><strong>Et</strong></span> <span class='ocrx_word' id='word_1_24' title='bbox 1610 521 1726 551; x_wconf 91' lang='lat' dir='ltr'><strong>nunc</strong></span> <span class='ocrx_word' id='word_1_25' title='bbox 1759 509 1875 552; x_wconf 87' lang='lat' dir='ltr'><strong>idem</strong></span> <span class='ocrx_word' id='word_1_26' title='bbox 1910 512 2171 567; x_wconf 85' lang='lat' dir='ltr'><strong>exemplum,</strong></span> 
     </span>
     <span class='ocr_line' id='line_1_5' title="bbox 492 582 2171 641; baseline 0.002 -15"><span class='ocrx_word' id='word_1_27' title='bbox 492 582 611 638; x_wconf 91' lang='lat' dir='ltr'><strong>quod</strong></span> <span class='ocrx_word' id='word_1_28' title='bbox 650 584 737 627; x_wconf 92' lang='lat' dir='ltr'><strong>iam</strong></span> <span class='ocrx_word' id='word_1_29' title='bbox 777 585 844 628; x_wconf 91' lang='lat' dir='ltr'><strong>bis</strong></span> <span class='ocrx_word' id='word_1_30' title='bbox 877 586 922 628; x_wconf 94' lang='lat' dir='ltr'><strong>in</strong></span> <span class='ocrx_word' id='word_1_31' title='bbox 957 585 980 641; x_wconf 62' lang='grc' dir='ltr'>ξ</span> <span class='ocrx_word' id='word_1_32' title='bbox 1010 587 1064 628; x_wconf 84' lang='grc'><strong>12</strong></span> <span class='ocrx_word' id='word_1_33' title='bbox 1099 586 1302 641; x_wconf 86' lang='lat' dir='ltr'><strong>legimus,</strong></span> <span class='ocrx_word' id='word_1_34' title='bbox 1346 585 1529 641; x_wconf 90' lang='lat' dir='ltr'><strong>primum</strong></span> <span class='ocrx_word' id='word_1_35' title='bbox 1563 585 1655 628; x_wconf 89' lang='lat' dir='ltr'><strong>sine</strong></span> <span class='ocrx_word' id='word_1_36' title='bbox 1690 587 1810 628; x_wconf 90' lang='lat' dir='ltr'><strong>certo</strong></span> <span class='ocrx_word' id='word_1_37' title='bbox 1844 585 2038 639; x_wconf 92' lang='lat' dir='ltr'><strong>nomine,</strong></span> <span class='ocrx_word' id='word_1_38' title='bbox 2081 588 2171 629; x_wconf 90' lang='lat' dir='ltr'><strong>tum</strong></span> 
     </span>
     <span class='ocr_line' id='line_1_6' title="bbox 490 658 2171 717; baseline 0.001 -17"><span class='ocrx_word' id='word_1_39' title='bbox 490 658 617 701; x_wconf 87' lang='lat' dir='ltr'>Fabii</span> <span class='ocrx_word' id='word_1_40' title='bbox 650 660 929 715; x_wconf 90' lang='lat' dir='ltr'><strong>illustratum,</strong></span> <span class='ocrx_word' id='word_1_41' title='bbox 963 662 1135 704; x_wconf 87' lang='lat' dir='ltr'><strong>tertium</strong></span> <span class='ocrx_word' id='word_1_42' title='bbox 1169 662 1418 717; x_wconf 88' lang='lat' dir='ltr'><strong>reperimus,</strong></span> <span class='ocrx_word' id='word_1_43' title='bbox 1453 663 1582 716; x_wconf 87' lang='lat' dir='ltr'><strong>atque</strong></span> <span class='ocrx_word' id='word_1_44' title='bbox 1613 661 1676 704; x_wconf 89' lang='lat' dir='ltr'><strong>sic</strong></span> <span class='ocrx_word' id='word_1_45' title='bbox 1698 660 1913 703; x_wconf 88' lang='lat' dir='ltr'><strong>utstatim</strong></span> <span class='ocrx_word' id='word_1_46' title='bbox 1936 661 2171 703; x_wconf 81' lang='lat' dir='ltr'>sentiamus</span> 
     </span>
     <span class='ocr_line' id='line_1_7' title="bbox 491 733 2171 793; baseline 0.001 -16"><span class='ocrx_word' id='word_1_47' title='bbox 491 733 562 778; x_wconf 86' lang='lat' dir='ltr'><strong>hic</strong></span> <span class='ocrx_word' id='word_1_48' title='bbox 607 748 683 779; x_wconf 90' lang='lat' dir='ltr'><strong>suo</strong></span> <span class='ocrx_word' id='word_1_49' title='bbox 729 737 829 779; x_wconf 93' lang='lat' dir='ltr'><strong>loco</strong></span> <span class='ocrx_word' id='word_1_50' title='bbox 874 739 1007 779; x_wconf 88' lang='lat' dir='ltr'><strong>stare:</strong></span> <span class='ocrx_word' id='word_1_51' title='bbox 1053 750 1208 792; x_wconf 86' lang='lat' dir='ltr'><strong>nempe</strong></span> <span class='ocrx_word' id='word_1_52' title='bbox 1255 737 1325 781; x_wconf 89' lang='lat' dir='ltr'><strong>hic</strong></span> <span class='ocrx_word' id='word_1_53' title='bbox 1367 740 1531 780; x_wconf 91' lang='lat' dir='ltr'><strong>tantum</strong></span> <span class='ocrx_word' id='word_1_54' title='bbox 1576 750 1661 792; x_wconf 92' lang='lat' dir='ltr'><strong>quo</strong></span> <span class='ocrx_word' id='word_1_55' title='bbox 1695 738 1862 793; x_wconf 83' lang='lat' dir='ltr'><strong>spectet</strong></span> <span class='ocrx_word' id='word_1_56' title='bbox 1894 735 2171 792; x_wconf 89' lang='lat' dir='ltr'><strong>perspicuum</strong></span> 
     </span>
     <span class='ocr_line' id='line_1_8' title="bbox 492 811 2172 867; baseline 0.001 -15"><span class='ocrx_word' id='word_1_57' title='bbox 492 812 571 852; x_wconf 86' lang='lat' dir='ltr'><strong>est.</strong></span> <span class='ocrx_word' id='word_1_58' title='bbox 649 811 707 853; x_wconf 94' lang='lat' dir='ltr'><strong>Ut</strong></span> <span class='ocrx_word' id='word_1_59' title='bbox 753 811 942 854; x_wconf 90' lang='lat' dir='ltr'><strong>breviter</strong></span> <span class='ocrx_word' id='word_1_60' title='bbox 990 811 1151 854; x_wconf 90' lang='lat' dir='ltr'><strong>dicam:</strong></span> <span class='ocrx_word' id='word_1_61' title='bbox 1202 811 1273 855; x_wconf 91' lang='lat' dir='ltr'><strong>hic</strong></span> <span class='ocrx_word' id='word_1_62' title='bbox 1318 812 1424 854; x_wconf 88' lang='lat' dir='ltr'><strong>ordo</strong></span> <span class='ocrx_word' id='word_1_63' title='bbox 1469 815 1582 855; x_wconf 90' lang='lat' dir='ltr'><strong>totus</strong></span> <span class='ocrx_word' id='word_1_64' title='bbox 1627 812 1732 855; x_wconf 90' lang='lat' dir='ltr'><strong>satis</strong></span> <span class='ocrx_word' id='word_1_65' title='bbox 1776 812 1949 867; x_wconf 90' lang='lat' dir='ltr'><strong>ineptus</strong></span> <span class='ocrx_word' id='word_1_66' title='bbox 1997 814 2078 865; x_wconf 90' lang='lat' dir='ltr'><strong>est,</strong></span> <span class='ocrx_word' id='word_1_67' title='bbox 2129 813 2172 853; x_wconf 87' lang='lat' dir='ltr'><strong>et</strong></span> 
     </span>
     <span class='ocr_line' id='line_1_9' title="bbox 490 886 2171 943; baseline 0.001 -15"><span class='ocrx_word' id='word_1_68' title='bbox 490 886 667 929; x_wconf 90' lang='lat' dir='ltr'><strong>nomina</strong></span> <span class='ocrx_word' id='word_1_69' title='bbox 700 886 978 930; x_wconf 80' lang='lat' dir='ltr'><strong>divinationis</strong></span> <span class='ocrx_word' id='word_1_70' title='bbox 1013 890 1244 942; x_wconf 87' lang='lat' dir='ltr'><strong>ceteraque</strong></span> <span class='ocrx_word' id='word_1_71' title='bbox 1275 888 1489 942; x_wconf 83' lang='lat' dir='ltr'><strong>permixta</strong></span> <span class='ocrx_word' id='word_1_72' title='bbox 1523 890 1565 931; x_wconf 89' lang='lat' dir='ltr'><strong>et</strong></span> <span class='ocrx_word' id='word_1_73' title='bbox 1595 887 1751 930; x_wconf 87' lang='lat' dir='ltr'><strong>iterata</strong></span> <span class='ocrx_word' id='word_1_74' title='bbox 1774 889 1977 943; x_wconf 88' lang='lat' dir='ltr'><strong>exempla</strong></span> <span class='ocrx_word' id='word_1_75' title='bbox 1999 886 2171 930; x_wconf 92' lang='lat' dir='ltr'><strong>eadem-</strong></span> 
     </span>
     <span class='ocr_line' id='line_1_10' title="bbox 492 963 2170 1019; baseline 0.001 -16"><span class='ocrx_word' id='word_1_76' title='bbox 492 974 576 1016; x_wconf 91' lang='lat' dir='ltr'><strong>que</strong></span> <span class='ocrx_word' id='word_1_77' title='bbox 612 963 829 1018; x_wconf 83' lang='lat' dir='ltr'><strong>exposita,</strong></span> <span class='ocrx_word' id='word_1_78' title='bbox 875 965 1124 1018; x_wconf 89' lang='lat' dir='ltr'><strong>antequam,</strong></span> <span class='ocrx_word' id='word_1_79' title='bbox 1158 963 1204 1005; x_wconf 90' lang='lat' dir='ltr'><strong>in</strong></span> <span class='ocrx_word' id='word_1_80' title='bbox 1238 976 1322 1018; x_wconf 92' lang='lat' dir='ltr'><strong>quo</strong></span> <span class='ocrx_word' id='word_1_81' title='bbox 1358 976 1487 1006; x_wconf 89' lang='lat' dir='ltr'><strong>causa</strong></span> <span class='ocrx_word' id='word_1_82' title='bbox 1522 963 1787 1019; x_wconf 80' lang='lat' dir='ltr'><strong>consisteret,</strong></span> <span class='ocrx_word' id='word_1_83' title='bbox 1822 963 2170 1007; x_wconf 80' lang='lat' dir='ltr'><strong>constitueretur:</strong></span> 
     </span>
     <span class='ocr_line' id='line_1_11' title="bbox 491 1039 2172 1095; baseline 0.001 -15"><span class='ocrx_word' id='word_1_84' title='bbox 491 1039 666 1081; x_wconf 89' lang='lat' dir='ltr'><strong>minime</strong></span> <span class='ocrx_word' id='word_1_85' title='bbox 712 1052 816 1081; x_wconf 88' lang='lat' dir='ltr'><strong>vero</strong></span> <span class='ocrx_word' id='word_1_86' title='bbox 862 1053 1036 1094; x_wconf 89' lang='lat' dir='ltr'><strong>possum</strong></span> <span class='ocrx_word' id='word_1_87' title='bbox 1080 1040 1348 1094; x_wconf 87' lang='lat' dir='ltr'><strong>perspicere,</strong></span> <span class='ocrx_word' id='word_1_88' title='bbox 1393 1039 1497 1094; x_wconf 88' lang='lat' dir='ltr'><strong>quid</strong></span> <span class='ocrx_word' id='word_1_89' title='bbox 1543 1039 1798 1095; x_wconf 82' lang='lat' dir='ltr'><strong>disceptatio</strong></span> <span class='ocrx_word' id='word_1_90' title='bbox 1843 1041 1955 1082; x_wconf 91' lang='lat' dir='ltr'><strong>inter</strong></span> <span class='ocrx_word' id='word_1_91' title='bbox 1999 1052 2089 1082; x_wconf 80' lang='lat' dir='ltr'><strong>esse</strong></span> <span class='ocrx_word' id='word_1_92' title='bbox 2128 1040 2172 1081; x_wconf 89' lang='lat' dir='ltr'><strong>et</strong></span> 
     </span>
     <span class='ocr_line' id='line_1_12' title="bbox 489 1114 2171 1169; baseline 0 -13"><span class='ocrx_word' id='word_1_93' title='bbox 489 1117 646 1157; x_wconf 76' lang='lat' dir='ltr'><strong>natum</strong></span> <span class='ocrx_word' id='word_1_94' title='bbox 692 1127 783 1157; x_wconf 82' lang='lat' dir='ltr'><strong>esse</strong></span> <span class='ocrx_word' id='word_1_95' title='bbox 824 1115 1018 1158; x_wconf 88' lang='lat' dir='ltr'><strong>instituta</strong></span> <span class='ocrx_word' id='word_1_96' title='bbox 1064 1114 1119 1156; x_wconf 89' lang='lat' dir='ltr'><strong>ad</strong></span> <span class='ocrx_word' id='word_1_97' title='bbox 1164 1115 1460 1169; x_wconf 89' lang='lat' dir='ltr'><strong>quaestionem</strong></span> <span class='ocrx_word' id='word_1_98' title='bbox 1506 1117 1697 1157; x_wconf 85' lang='lat' dir='ltr'><strong>nostram</strong></span> <span class='ocrx_word' id='word_1_99' title='bbox 1743 1116 1942 1158; x_wconf 85' lang='lat' dir='ltr'><strong>attineat:</strong></span> <span class='ocrx_word' id='word_1_100' title='bbox 1986 1114 2040 1157; x_wconf 86' lang='lat' dir='ltr'><strong>de</strong></span> <span class='ocrx_word' id='word_1_101' title='bbox 2085 1127 2171 1169; x_wconf 88' lang='lat' dir='ltr'><strong>qua</strong></span> 
     </span>
     <span class='ocr_line' id='line_1_13' title="bbox 490 1189 2169 1245; baseline 0.001 -14"><span class='ocrx_word' id='word_1_102' title='bbox 490 1190 705 1244; x_wconf 89' lang='lat' dir='ltr'><strong>voluptati</strong></span> <span class='ocrx_word' id='word_1_103' title='bbox 748 1189 881 1232; x_wconf 89' lang='lat' dir='ltr'><strong>fuisse</strong></span> <span class='ocrx_word' id='word_1_104' title='bbox 926 1189 1128 1232; x_wconf 84' lang='lat' dir='ltr'><strong>Ciceroni</strong></span> <span class='ocrx_word' id='word_1_105' title='bbox 1173 1189 1388 1243; x_wconf 90' lang='lat' dir='ltr'><strong>suspicor,</strong></span> <span class='ocrx_word' id='word_1_106' title='bbox 1433 1189 1636 1244; x_wconf 90' lang='lat' dir='ltr'><strong>discipuli</strong></span> <span class='ocrx_word' id='word_1_107' title='bbox 1680 1189 1833 1244; x_wconf 88' lang='lat' dir='ltr'><strong>instar,</strong></span> <span class='ocrx_word' id='word_1_108' title='bbox 1879 1202 1990 1244; x_wconf 88' lang='lat' dir='ltr'><strong>quae</strong></span> <span class='ocrx_word' id='word_1_109' title='bbox 2036 1189 2169 1245; x_wconf 90' lang='lat' dir='ltr'><strong>paulo</strong></span> 
     </span>
     <span class='ocr_line' id='line_1_14' title="bbox 490 1263 2169 1320; baseline 0 -14"><span class='ocrx_word' id='word_1_110' title='bbox 490 1267 590 1307; x_wconf 90' lang='lat' dir='ltr'><strong>ante</strong></span> <span class='ocrx_word' id='word_1_111' title='bbox 625 1264 890 1318; x_wconf 83' lang='lat' dir='ltr'><strong>didicerat,1)</strong></span> <span class='ocrx_word' id='word_1_112' title='bbox 924 1277 1145 1319; x_wconf 88' lang='lat' dir='ltr'><strong>usurpare.</strong></span> <span class='ocrx_word' id='word_1_113' title='bbox 1195 1265 1382 1308; x_wconf 88' lang='lat' dir='ltr'><strong>Puerilis</strong></span> <span class='ocrx_word' id='word_1_114' title='bbox 1417 1267 1502 1318; x_wconf 89' lang='lat' dir='ltr'><strong>aut,</strong></span> <span class='ocrx_word' id='word_1_115' title='bbox 1536 1278 1591 1307; x_wconf 92' lang='lat' dir='ltr'><strong>ne</strong></span> <span class='ocrx_word' id='word_1_116' title='bbox 1621 1265 1814 1308; x_wconf 87' lang='lat' dir='ltr'><strong>severius</strong></span> <span class='ocrx_word' id='word_1_117' title='bbox 1837 1263 2169 1320; x_wconf 86' lang='lat' dir='ltr'><strong>reprehendam,</strong></span> 
     </span>
     <span class='ocr_line' id='line_1_15' title="bbox 490 1339 2170 1396; baseline -0.001 -13"><span class='ocrx_word' id='word_1_118' title='bbox 490 1341 680 1383; x_wconf 87' lang='lat' dir='ltr'><strong>oratoria</strong></span> <span class='ocrx_word' id='word_1_119' title='bbox 724 1343 768 1383; x_wconf 89' lang='lat' dir='ltr'><strong>et</strong></span> <span class='ocrx_word' id='word_1_120' title='bbox 802 1354 828 1383; x_wconf 92' lang='lat' dir='ltr'><strong>a</strong></span> <span class='ocrx_word' id='word_1_121' title='bbox 861 1340 1225 1396; x_wconf 87' lang='lat' dir='ltr'><strong>philosophorum</strong></span> <span class='ocrx_word' id='word_1_122' title='bbox 1270 1353 1387 1383; x_wconf 92' lang='lat' dir='ltr'><strong>more</strong></span> <span class='ocrx_word' id='word_1_123' title='bbox 1423 1341 1569 1383; x_wconf 88' lang='lat' dir='ltr'><strong>aliena</strong></span> <span class='ocrx_word' id='word_1_124' title='bbox 1602 1341 1730 1384; x_wconf 88' lang='lat' dir='ltr'><strong>etiam</strong></span> <span class='ocrx_word' id='word_1_125' title='bbox 1762 1341 1872 1384; x_wconf 85' lang='lat' dir='ltr'><strong>ratio</strong></span> <span class='ocrx_word' id='word_1_126' title='bbox 1907 1339 2170 1384; x_wconf 89' lang='lat' dir='ltr'><strong>admonendi</strong></span> 
     </span>
     <span class='ocr_line' id='line_1_16' title="bbox 490 1415 2170 1471; baseline 0 -13"><span class='ocrx_word' id='word_1_127' title='bbox 490 1419 572 1469; x_wconf 85' lang='lat' dir='ltr'><strong>est,</strong></span> <span class='ocrx_word' id='word_1_128' title='bbox 624 1429 710 1470; x_wconf 92' lang='lat' dir='ltr'><strong>qua</strong></span> <span class='ocrx_word' id='word_1_129' title='bbox 757 1416 1047 1471; x_wconf 81' lang='lat' dir='ltr'><strong>Chrysippum</strong></span> <span class='ocrx_word' id='word_1_130' title='bbox 1097 1419 1144 1458; x_wconf 91' lang='lat' dir='ltr'><strong>ut</strong></span> <span class='ocrx_word' id='word_1_131' title='bbox 1192 1419 1347 1459; x_wconf 84' lang='lat' dir='ltr'><strong>caveat</strong></span> <span class='ocrx_word' id='word_1_132' title='bbox 1393 1417 1648 1471; x_wconf 86' lang='lat' dir='ltr'><strong>alloquitur.</strong></span> <span class='ocrx_word' id='word_1_133' title='bbox 1723 1415 1921 1459; x_wconf 87' lang='lat' dir='ltr'><strong>Tandem</strong></span> <span class='ocrx_word' id='word_1_134' title='bbox 1964 1416 2009 1458; x_wconf 90' lang='lat' dir='ltr'><strong>id</strong></span> <span class='ocrx_word' id='word_1_135' title='bbox 2052 1415 2170 1458; x_wconf 90' lang='lat' dir='ltr'><strong>haud</strong></span> 
     </span>
     <span class='ocr_line' id='line_1_17' title="bbox 489 1492 2170 1546; baseline 0 -13"><span class='ocrx_word' id='word_1_136' title='bbox 489 1493 759 1535; x_wconf 88' lang='lat' dir='ltr'><strong>levissimum</strong></span> <span class='ocrx_word' id='word_1_137' title='bbox 811 1492 966 1535; x_wconf 86' lang='lat' dir='ltr'><strong>ducam</strong></span> <span class='ocrx_word' id='word_1_138' title='bbox 1015 1493 1107 1535; x_wconf 91' lang='lat' dir='ltr'><strong>veri</strong></span> <span class='ocrx_word' id='word_1_139' title='bbox 1158 1493 1406 1546; x_wconf 88' lang='lat' dir='ltr'><strong>vestigium,</strong></span> <span class='ocrx_word' id='word_1_140' title='bbox 1456 1492 1630 1535; x_wconf 90' lang='lat' dir='ltr'><strong>remotis</strong></span> <span class='ocrx_word' id='word_1_141' title='bbox 1675 1493 1859 1535; x_wconf 88' lang='lat' dir='ltr'><strong>salebris</strong></span> <span class='ocrx_word' id='word_1_142' title='bbox 1904 1493 1995 1535; x_wconf 91' lang='lat' dir='ltr'><strong>sine</strong></span> <span class='ocrx_word' id='word_1_143' title='bbox 2040 1492 2084 1534; x_wconf 91' lang='lat' dir='ltr'><strong>vi</strong></span> <span class='ocrx_word' id='word_1_144' title='bbox 2127 1493 2170 1534; x_wconf 91' lang='lat' dir='ltr'><strong>et</strong></span> 
     </span>
     <span class='ocr_line' id='line_1_18' title="bbox 490 1568 2168 1623; baseline 0 -13"><span class='ocrx_word' id='word_1_145' title='bbox 490 1568 654 1611; x_wconf 88' lang='lat' dir='ltr'><strong>artibus</strong></span> <span class='ocrx_word' id='word_1_146' title='bbox 699 1570 834 1611; x_wconf 87' lang='lat' dir='ltr'><strong>talem</strong></span> <span class='ocrx_word' id='word_1_147' title='bbox 880 1581 958 1611; x_wconf 90' lang='lat' dir='ltr'><strong>sua</strong></span> <span class='ocrx_word' id='word_1_148' title='bbox 992 1571 1146 1623; x_wconf 89' lang='lat' dir='ltr'><strong>sponte</strong></span> <span class='ocrx_word' id='word_1_149' title='bbox 1179 1582 1403 1611; x_wconf 89' lang='lat' dir='ltr'><strong>remanere</strong></span> <span class='ocrx_word' id='word_1_150' title='bbox 1438 1571 1511 1611; x_wconf 90' lang='lat' dir='ltr'><strong>aut</strong></span> <span class='ocrx_word' id='word_1_151' title='bbox 1544 1569 1715 1611; x_wconf 90' lang='lat' dir='ltr'><strong>renasci</strong></span> <span class='ocrx_word' id='word_1_152' title='bbox 1747 1571 2007 1611; x_wconf 89' lang='lat' dir='ltr'><strong>structuram</strong></span> <span class='ocrx_word' id='word_1_153' title='bbox 2040 1580 2168 1622; x_wconf 86' lang='lat' dir='ltr'><strong>argu-</strong></span> 
     </span>
     <span class='ocr_line' id='line_1_19' title="bbox 490 1642 1275 1697; baseline 0.003 -13"><span class='ocrx_word' id='word_1_154' title='bbox 490 1643 779 1697; x_wconf 90' lang='lat' dir='ltr'><strong>mentationis,</strong></span> <span class='ocrx_word' id='word_1_155' title='bbox 815 1643 958 1697; x_wconf 89' lang='lat' dir='ltr'><strong>qualis</strong></span> <span class='ocrx_word' id='word_1_156' title='bbox 993 1642 1275 1686; x_wconf 85' lang='lat' dir='ltr'><strong>desideratur.</strong></span> 
     </span>
    </p>

    <p class='ocr_par' dir='ltr' id='par_1_3' title="bbox 485 1718 2169 2536">
     <span class='ocr_line' id='line_1_20' title="bbox 615 1718 2168 1774; baseline 0.001 -14"><span class='ocrx_word' id='word_1_157' title='bbox 615 1719 694 1761; x_wconf 89' lang='lat' dir='ltr'><strong>Est</strong></span> <span class='ocrx_word' id='word_1_158' title='bbox 749 1718 839 1761; x_wconf 89' lang='lat' dir='ltr'><strong>fere</strong></span> <span class='ocrx_word' id='word_1_159' title='bbox 895 1718 1024 1761; x_wconf 91' lang='lat' dir='ltr'><strong>haec:</strong></span> <span class='ocrx_word' id='word_1_160' title='bbox 1078 1719 1264 1773; x_wconf 91' lang='lat' dir='ltr'><strong>primum</strong></span> <span class='ocrx_word' id='word_1_161' title='bbox 1313 1719 1393 1762; x_wconf 89' lang='lat' dir='ltr'><strong>sibi</strong></span> <span class='ocrx_word' id='word_1_162' title='bbox 1443 1719 1669 1774; x_wconf 88' lang='lat' dir='ltr'><strong>oppositae</strong></span> <span class='ocrx_word' id='word_1_163' title='bbox 1720 1721 1846 1761; x_wconf 92' lang='lat' dir='ltr'><strong>erant</strong></span> <span class='ocrx_word' id='word_1_164' title='bbox 1894 1718 2077 1761; x_wconf 89' lang='lat' dir='ltr'><strong>Diodori</strong></span> <span class='ocrx_word' id='word_1_165' title='bbox 2125 1721 2168 1761; x_wconf 90' lang='lat' dir='ltr'><strong>et</strong></span> 
     </span>
     <span class='ocr_line' id='line_1_21' title="bbox 490 1793 2168 1851; baseline -0.001 -13"><span class='ocrx_word' id='word_1_166' title='bbox 490 1793 725 1850; x_wconf 81' lang='lat' dir='ltr'><strong>Chrysippi</strong></span> <span class='ocrx_word' id='word_1_167' title='bbox 757 1795 999 1838; x_wconf 88' lang='lat' dir='ltr'><strong>sententiae</strong></span> <span class='ocrx_word' id='word_1_168' title='bbox 1034 1794 1088 1838; x_wconf 89' lang='lat' dir='ltr'><strong>de</strong></span> <span class='ocrx_word' id='word_1_169' title='bbox 1123 1803 1188 1850; x_wconf 80' lang='lat' dir='ltr'><strong>ec,</strong></span> <span class='ocrx_word' id='word_1_170' title='bbox 1222 1793 1339 1851; x_wconf 88' lang='lat' dir='ltr'><strong>quod</strong></span> <span class='ocrx_word' id='word_1_171' title='bbox 1372 1793 1464 1838; x_wconf 90' lang='lat' dir='ltr'><strong>fieri</strong></span> <span class='ocrx_word' id='word_1_172' title='bbox 1493 1797 1660 1851; x_wconf 73' lang='lat' dir='ltr'><strong>posset,</strong></span> <span class='ocrx_word' id='word_1_173' title='bbox 1695 1794 1930 1851; x_wconf 86' lang='lat' dir='ltr'><strong>Chrysippi</strong></span> <span class='ocrx_word' id='word_1_174' title='bbox 1953 1794 2168 1838; x_wconf 82' lang='lat' dir='ltr'><strong>sententia</strong></span> 
     </span>
     <span class='ocr_line' id='line_1_22' title="bbox 487 1870 2169 1927; baseline 0.001 -14"><span class='ocrx_word' id='word_1_175' title='bbox 487 1870 579 1913; x_wconf 88' lang='lat' dir='ltr'><strong>fieri</strong></span> <span class='ocrx_word' id='word_1_176' title='bbox 622 1874 765 1926; x_wconf 90' lang='lat' dir='ltr'><strong>potest</strong></span> <span class='ocrx_word' id='word_1_177' title='bbox 808 1875 855 1914; x_wconf 90' lang='lat' dir='ltr'><strong>ut</strong></span> <span class='ocrx_word' id='word_1_178' title='bbox 898 1872 943 1913; x_wconf 92' lang='lat' dir='ltr'><strong>in</strong></span> <span class='ocrx_word' id='word_1_179' title='bbox 987 1871 1106 1914; x_wconf 90' lang='lat' dir='ltr'><strong>fonte</strong></span> <span class='ocrx_word' id='word_1_180' title='bbox 1151 1873 1284 1927; x_wconf 87' lang='lat' dir='ltr'><strong>paulo</strong></span> <span class='ocrx_word' id='word_1_181' title='bbox 1329 1872 1504 1927; x_wconf 90' lang='lat' dir='ltr'><strong>longius</strong></span> <span class='ocrx_word' id='word_1_182' title='bbox 1548 1874 1622 1914; x_wconf 87' lang='lat' dir='ltr'><strong>aut</strong></span> <span class='ocrx_word' id='word_1_183' title='bbox 1665 1872 1752 1914; x_wconf 89' lang='lat' dir='ltr'><strong>alio</strong></span> <span class='ocrx_word' id='word_1_184' title='bbox 1798 1870 1925 1914; x_wconf 89' lang='lat' dir='ltr'><strong>modo</strong></span> <span class='ocrx_word' id='word_1_185' title='bbox 1971 1871 2169 1926; x_wconf 84' lang='lat' dir='ltr'><strong>exposita</strong></span> 
     </span>
     <span class='ocr_line' id='line_1_23' title="bbox 486 1946 2168 2003; baseline 0 -15"><span class='ocrx_word' id='word_1_186' title='bbox 486 1946 634 2000; x_wconf 85' lang='lat' dir='ltr'><strong>fuerit,</strong></span> <span class='ocrx_word' id='word_1_187' title='bbox 680 1960 706 1989; x_wconf 92' lang='lat' dir='ltr'><strong>a</strong></span> <span class='ocrx_word' id='word_1_188' title='bbox 740 1947 948 1990; x_wconf 90' lang='lat' dir='ltr'><strong>Cicerone</strong></span> <span class='ocrx_word' id='word_1_189' title='bbox 994 1948 1174 2003; x_wconf 91' lang='lat' dir='ltr'><strong>paulum</strong></span> <span class='ocrx_word' id='word_1_190' title='bbox 1207 1947 1458 2003; x_wconf 90' lang='lat' dir='ltr'><strong>perturbata</strong></span> <span class='ocrx_word' id='word_1_191' title='bbox 1492 1948 1566 1990; x_wconf 91' lang='lat' dir='ltr'><strong>vel</strong></span> <span class='ocrx_word' id='word_1_192' title='bbox 1600 1949 1823 1990; x_wconf 92' lang='lat' dir='ltr'><strong>contracta</strong></span> <span class='ocrx_word' id='word_1_193' title='bbox 1856 1947 1926 2000; x_wconf 91' lang='lat' dir='ltr'><strong>sit,</strong></span> <span class='ocrx_word' id='word_1_194' title='bbox 1973 1946 2017 1988; x_wconf 90' lang='lat' dir='ltr'><strong>id</strong></span> <span class='ocrx_word' id='word_1_195' title='bbox 2053 1946 2168 2001; x_wconf 91' lang='lat' dir='ltr'><strong>quod</strong></span> 
     </span>
     <span class='ocr_line' id='line_1_24' title="bbox 485 2023 2167 2079; baseline 0 -14"><span class='ocrx_word' id='word_1_196' title='bbox 485 2024 596 2066; x_wconf 91' lang='lat' dir='ltr'><strong>locis</strong></span> <span class='ocrx_word' id='word_1_197' title='bbox 642 2038 668 2066; x_wconf 91' lang='lat' dir='ltr'><strong>a</strong></span> <span class='ocrx_word' id='word_1_198' title='bbox 707 2023 884 2066; x_wconf 85' lang='lat' dir='ltr'><strong>Stuevio</strong></span> <span class='ocrx_word' id='word_1_199' title='bbox 932 2038 972 2079; x_wconf 89' lang='lat' dir='ltr'><strong>p.</strong></span> <span class='ocrx_word' id='word_1_200' title='bbox 1001 2025 1058 2066; x_wconf 85' lang='lat'><strong>33</strong></span> <span class='ocrx_word' id='word_1_201' title='bbox 1078 2037 1172 2078; x_wconf 86' lang='lat' dir='ltr'><strong>sqq.</strong></span> <span class='ocrx_word' id='word_1_202' title='bbox 1217 2024 1441 2079; x_wconf 80' lang='lat' dir='ltr'><strong>collatis2)</strong></span> <span class='ocrx_word' id='word_1_203' title='bbox 1486 2024 1715 2079; x_wconf 87' lang='lat' dir='ltr'><strong>probabile</strong></span> <span class='ocrx_word' id='word_1_204' title='bbox 1760 2023 1825 2078; x_wconf 93' lang='lat' dir='ltr'><strong>fit,</strong></span> <span class='ocrx_word' id='word_1_205' title='bbox 1875 2035 2017 2077; x_wconf 90' lang='lat' dir='ltr'><strong>neque</strong></span> <span class='ocrx_word' id='word_1_206' title='bbox 2062 2036 2167 2066; x_wconf 89' lang='lat' dir='ltr'><strong>vero</strong></span> 
     </span>
     <span class='ocr_line' id='line_1_25' title="bbox 486 2098 2167 2156; baseline 0 -15"><span class='ocrx_word' id='word_1_207' title='bbox 486 2098 621 2142; x_wconf 92' lang='lat' dir='ltr'><strong>valde</strong></span> <span class='ocrx_word' id='word_1_208' title='bbox 656 2103 873 2156; x_wconf 89' lang='lat' dir='ltr'><strong>corrupta,</strong></span> <span class='ocrx_word' id='word_1_209' title='bbox 908 2113 1016 2154; x_wconf 92' lang='lat' dir='ltr'><strong>cum,</strong></span> <span class='ocrx_word' id='word_1_210' title='bbox 1052 2099 1158 2154; x_wconf 88' lang='lat' dir='ltr'><strong>quid</strong></span> <span class='ocrx_word' id='word_1_211' title='bbox 1186 2100 1262 2142; x_wconf 90' lang='lat' dir='ltr'><strong>ille</strong></span> <span class='ocrx_word' id='word_1_212' title='bbox 1288 2099 1496 2153; x_wconf 85' lang='lat' dir='ltr'><strong>docuerit,</strong></span> <span class='ocrx_word' id='word_1_213' title='bbox 1531 2099 1659 2142; x_wconf 87' lang='lat' dir='ltr'><strong>etiam</strong></span> <span class='ocrx_word' id='word_1_214' title='bbox 1683 2099 1743 2142; x_wconf 90' lang='lat' dir='ltr'><strong>sic</strong></span> <span class='ocrx_word' id='word_1_215' title='bbox 1767 2099 1870 2142; x_wconf 92' lang='lat' dir='ltr'><strong>satis</strong></span> <span class='ocrx_word' id='word_1_216' title='bbox 1893 2098 2167 2155; x_wconf 89' lang='lat' dir='ltr'><strong>perspicuum</strong></span> 
     </span>
     <span class='ocr_line' id='line_1_26' title="bbox 486 2175 2168 2228; baseline -0.001 -11"><span class='ocrx_word' id='word_1_217' title='bbox 486 2177 552 2218; x_wconf 87' lang='lat' dir='ltr'><strong>sit.</strong></span> <span class='ocrx_word' id='word_1_218' title='bbox 619 2176 792 2218; x_wconf 87' lang='lat' dir='ltr'><strong>Deinde</strong></span> <span class='ocrx_word' id='word_1_219' title='bbox 827 2177 1077 2218; x_wconf 89' lang='lat' dir='ltr'><strong>conciliatio</strong></span> <span class='ocrx_word' id='word_1_220' title='bbox 1112 2176 1229 2218; x_wconf 88' lang='lat' dir='ltr'><strong>facta</strong></span> <span class='ocrx_word' id='word_1_221' title='bbox 1263 2179 1356 2217; x_wconf 89' lang='lat' dir='ltr'><strong>erat</strong></span> <span class='ocrx_word' id='word_1_222' title='bbox 1388 2176 1659 2217; x_wconf 91' lang='lat' dir='ltr'><strong>inimicarum</strong></span> <span class='ocrx_word' id='word_1_223' title='bbox 1694 2177 2001 2218; x_wconf 88' lang='lat' dir='ltr'><strong>sententiarum</strong></span> <span class='ocrx_word' id='word_1_224' title='bbox 2031 2175 2168 2228; x_wconf 80' lang='lat' dir='ltr'><strong>Chry-</strong></span> 
     </span>
     <span class='ocr_line' id='line_1_27' title="bbox 486 2251 2168 2308; baseline -0.001 -13"><span class='ocrx_word' id='word_1_225' title='bbox 486 2253 600 2308; x_wconf 90' lang='lat' dir='ltr'><strong>sippi</strong></span> <span class='ocrx_word' id='word_1_226' title='bbox 655 2251 709 2295; x_wconf 92' lang='lat' dir='ltr'><strong>de</strong></span> <span class='ocrx_word' id='word_1_227' title='bbox 767 2252 1036 2295; x_wconf 89' lang='lat' dir='ltr'><strong>divinatione</strong></span> <span class='ocrx_word' id='word_1_228' title='bbox 1094 2251 1291 2295; x_wconf 87' lang='lat' dir='ltr'><strong>doctrina</strong></span> <span class='ocrx_word' id='word_1_229' title='bbox 1340 2251 1551 2295; x_wconf 89' lang='lat' dir='ltr'><strong>adhibita:</strong></span> <span class='ocrx_word' id='word_1_230' title='bbox 1608 2265 1738 2307; x_wconf 86' lang='lat' dir='ltr'><strong>quam</strong></span> <span class='ocrx_word' id='word_1_231' title='bbox 1785 2252 2024 2296; x_wconf 89' lang='lat' dir='ltr'><strong>insecutum</strong></span> <span class='ocrx_word' id='word_1_232' title='bbox 2075 2253 2168 2294; x_wconf 89' lang='lat' dir='ltr'><strong>erat</strong></span> 
     </span>
     <span class='ocr_line' id='line_1_28' title="bbox 487 2327 2167 2383; baseline -0.001 -13"><span class='ocrx_word' id='word_1_233' title='bbox 487 2329 735 2383; x_wconf 85' lang='lat' dir='ltr'><strong>exemplum</strong></span> <span class='ocrx_word' id='word_1_234' title='bbox 770 2331 813 2370; x_wconf 89' lang='lat' dir='ltr'><strong>et</strong></span> <span class='ocrx_word' id='word_1_235' title='bbox 847 2328 903 2370; x_wconf 91' lang='lat' dir='ltr'><strong>ad</strong></span> <span class='ocrx_word' id='word_1_236' title='bbox 937 2328 1242 2370; x_wconf 86' lang='lat' dir='ltr'><strong>illustrandam</strong></span> <span class='ocrx_word' id='word_1_237' title='bbox 1272 2327 1393 2370; x_wconf 88' lang='lat' dir='ltr'><strong>etad</strong></span> <span class='ocrx_word' id='word_1_238' title='bbox 1417 2327 1728 2370; x_wconf 90' lang='lat' dir='ltr'><strong>conficiendam</strong></span> <span class='ocrx_word' id='word_1_239' title='bbox 1752 2328 2167 2383; x_wconf 86' lang='lat' dir='ltr'><strong>argumentationem</strong></span> 
     </span>
     <span class='ocr_line' id='line_1_29' title="bbox 487 2404 2167 2460; baseline -0.001 -14"><span class='ocrx_word' id='word_1_240' title='bbox 487 2404 756 2459; x_wconf 65' lang='lat' dir='ltr'><strong>adiectumss)</strong></span> <span class='ocrx_word' id='word_1_241' title='bbox 822 2405 938 2448; x_wconf 88' lang='lat' dir='ltr'><strong>Vicit</strong></span> <span class='ocrx_word' id='word_1_242' title='bbox 972 2406 1187 2447; x_wconf 89' lang='lat' dir='ltr'><strong>sententia</strong></span> <span class='ocrx_word' id='word_1_243' title='bbox 1220 2405 1420 2458; x_wconf 91' lang='lat' dir='ltr'><strong>Diodori,</strong></span> <span class='ocrx_word' id='word_1_244' title='bbox 1466 2418 1570 2460; x_wconf 87' lang='lat' dir='ltr'><strong>ergo</strong></span> <span class='ocrx_word' id='word_1_245' title='bbox 1605 2405 1701 2447; x_wconf 89' lang='lat' dir='ltr'><strong>sola</strong></span> <span class='ocrx_word' id='word_1_246' title='bbox 1736 2404 1940 2458; x_wconf 86' lang='lat' dir='ltr'><strong>deinceps</strong></span> <span class='ocrx_word' id='word_1_247' title='bbox 1973 2404 2167 2445; x_wconf 91' lang='lat' dir='ltr'><strong>nomina-</strong></span> 
     </span>
     <span class='ocr_line' id='line_1_30' title="bbox 488 2464 2167 2536; baseline -0.001 -14"><span class='ocrx_word' id='word_1_248' title='bbox 488 2479 632 2523; x_wconf 84' lang='lat' dir='ltr'><strong>batur:</strong></span> <span class='ocrx_word' id='word_1_249' title='bbox 669 2481 714 2522; x_wconf 93' lang='lat' dir='ltr'><strong>in</strong></span> <span class='ocrx_word' id='word_1_250' title='bbox 748 2480 830 2523; x_wconf 88' lang='lat' dir='ltr'><strong>hac</strong></span> <span class='ocrx_word' id='word_1_251' title='bbox 864 2481 1054 2534; x_wconf 90' lang='lat' dir='ltr'><strong>victrice,</strong></span> <span class='ocrx_word' id='word_1_252' title='bbox 1090 2493 1202 2535; x_wconf 90' lang='lat' dir='ltr'><strong>quae</strong></span> <span class='ocrx_word' id='word_1_253' title='bbox 1235 2464 1622 2536; x_wconf 34' lang='lat' dir='ltr'><strong>insequuntur&#39;(§§</strong></span> <span class='ocrx_word' id='word_1_254' title='bbox 1644 2479 1859 2535; x_wconf 82' lang='lat'><strong>17—20),</strong></span> <span class='ocrx_word' id='word_1_255' title='bbox 1894 2481 1994 2521; x_wconf 91' lang='lat' dir='ltr'><strong>sunt</strong></span> <span class='ocrx_word' id='word_1_256' title='bbox 2015 2479 2167 2534; x_wconf 88' lang='lat' dir='ltr'><strong>posita.</strong></span> 
     </span>
    </p>

    <p class='ocr_par' dir='ltr' id='par_1_4' title="bbox 488 2555 2169 2914">
     <span class='ocr_line' id='line_1_31' title="bbox 615 2555 2167 2612; baseline -0.001 -13"><span class='ocrx_word' id='word_1_257' title='bbox 615 2557 795 2600; x_wconf 87' lang='lat' dir='ltr'><strong>Constat</strong></span> <span class='ocrx_word' id='word_1_258' title='bbox 840 2558 991 2611; x_wconf 90' lang='lat' dir='ltr'><strong>igitur,</strong></span> <span class='ocrx_word' id='word_1_259' title='bbox 1038 2570 1149 2610; x_wconf 89' lang='lat' dir='ltr'><strong>quae</strong></span> <span class='ocrx_word' id='word_1_260' title='bbox 1191 2557 1297 2612; x_wconf 72' lang='lat'><strong>§17</strong></span> <span class='ocrx_word' id='word_1_261' title='bbox 1334 2556 1616 2608; x_wconf 89' lang='lat' dir='ltr'><strong>antecedunt,</strong></span> <span class='ocrx_word' id='word_1_262' title='bbox 1662 2556 1806 2597; x_wconf 90' lang='lat' dir='ltr'><strong>omnia</strong></span> <span class='ocrx_word' id='word_1_263' title='bbox 1850 2556 2066 2610; x_wconf 88' lang='lat' dir='ltr'><strong>pertinere</strong></span> <span class='ocrx_word' id='word_1_264' title='bbox 2111 2555 2167 2597; x_wconf 93' lang='lat' dir='ltr'><strong>ad</strong></span> 
     </span>
     <span class='ocr_line' id='line_1_32' title="bbox 490 2629 2167 2692; baseline -0.001 -17"><span class='ocrx_word' id='word_1_265' title='bbox 490 2633 810 2675; x_wconf 87' lang='lat' dir='ltr'><strong>contentionem</strong></span> <span class='ocrx_word' id='word_1_266' title='bbox 856 2629 969 2692; x_wconf 81' lang='grc' dir='ltr'>,περὶ</span> <span class='ocrx_word' id='word_1_267' title='bbox 1007 2631 1254 2677; x_wconf 77' lang='grc' dir='ltr'><strong>δυνατῶν.</strong></span> <span class='ocrx_word' id='word_1_268' title='bbox 1321 2631 1595 2688; x_wconf 84' lang='lat' dir='ltr'><strong>Suscepimus</strong></span> <span class='ocrx_word' id='word_1_269' title='bbox 1630 2645 1682 2675; x_wconf 90' lang='lat' dir='ltr'><strong>ea</strong></span> <span class='ocrx_word' id='word_1_270' title='bbox 1715 2632 1980 2686; x_wconf 83' lang='lat' dir='ltr'><strong>examinare,</strong></span> <span class='ocrx_word' id='word_1_271' title='bbox 2025 2634 2071 2675; x_wconf 92' lang='lat' dir='ltr'><strong>ut</strong></span> <span class='ocrx_word' id='word_1_272' title='bbox 2103 2631 2167 2674; x_wconf 93' lang='lat' dir='ltr'><strong>in-</strong></span> 
     </span>
     <span class='ocr_line' id='line_1_33' title="bbox 489 2705 2169 2765; baseline 0.001 -16"><span class='ocrx_word' id='word_1_273' title='bbox 489 2709 814 2762; x_wconf 85' lang='lat' dir='ltr'><strong>tellegeremus,</strong></span> <span class='ocrx_word' id='word_1_274' title='bbox 850 2721 962 2762; x_wconf 89' lang='lat' dir='ltr'><strong>quae</strong></span> <span class='ocrx_word' id='word_1_275' title='bbox 997 2711 1112 2750; x_wconf 86' lang='lat' dir='ltr'><strong>esset</strong></span> <span class='ocrx_word' id='word_1_276' title='bbox 1145 2709 1224 2749; x_wconf 93' lang='lat' dir='ltr'><strong>illa</strong></span> <span class='ocrx_word' id='word_1_277' title='bbox 1256 2709 1463 2761; x_wconf 87' lang='lat' dir='ltr'><strong>quaestio,</strong></span> <span class='ocrx_word' id='word_1_278' title='bbox 1498 2721 1627 2762; x_wconf 90' lang='lat' dir='ltr'><strong>quam</strong></span> <span class='ocrx_word' id='word_1_279' title='bbox 1650 2709 1774 2750; x_wconf 90' lang='lat' dir='ltr'><strong>locus</strong></span> <span class='ocrx_word' id='word_1_280' title='bbox 1797 2705 1911 2765; x_wconf 74' lang='grc' dir='ltr'><strong>περὶ</strong></span> <span class='ocrx_word' id='word_1_281' title='bbox 1936 2706 2169 2752; x_wconf 76' lang='grc' dir='ltr'><em>δυνατῶν</em></span> 
     </span>
     <span class='ocr_line' id='line_1_34' title="bbox 489 2782 2166 2837; baseline 0.001 -13"><span class='ocrx_word' id='word_1_282' title='bbox 489 2784 737 2837; x_wconf 85' lang='lat' dir='ltr'><strong>attingeret.</strong></span> <span class='ocrx_word' id='word_1_283' title='bbox 788 2783 912 2825; x_wconf 89' lang='lat' dir='ltr'><strong>Nihil</strong></span> <span class='ocrx_word' id='word_1_284' title='bbox 946 2784 1201 2825; x_wconf 85' lang='lat' dir='ltr'><strong>invenimus.</strong></span> <span class='ocrx_word' id='word_1_285' title='bbox 1251 2784 1326 2825; x_wconf 91' lang='lat' dir='ltr'><strong>An</strong></span> <span class='ocrx_word' id='word_1_286' title='bbox 1358 2783 1605 2826; x_wconf 85' lang='lat' dir='ltr'><strong>universam</strong></span> <span class='ocrx_word' id='word_1_287' title='bbox 1641 2783 1694 2826; x_wconf 91' lang='lat' dir='ltr'><strong>de</strong></span> <span class='ocrx_word' id='word_1_288' title='bbox 1727 2782 1845 2828; x_wconf 77' lang='lat' dir='ltr'><strong>fato?</strong></span> <span class='ocrx_word' id='word_1_289' title='bbox 1889 2784 1989 2827; x_wconf 84' lang='lat' dir='ltr'><strong>Sine</strong></span> <span class='ocrx_word' id='word_1_290' title='bbox 2024 2783 2166 2837; x_wconf 90' lang='lat' dir='ltr'><strong>dubio,</strong></span> 
     </span>
     <span class='ocr_line' id='line_1_35' title="bbox 488 2859 2166 2914; baseline 0 -14"><span class='ocrx_word' id='word_1_291' title='bbox 488 2859 566 2900; x_wconf 87' lang='lat' dir='ltr'><strong>sed</strong></span> <span class='ocrx_word' id='word_1_292' title='bbox 590 2859 928 2913; x_wconf 86' lang='lat' dir='ltr'><strong>interrogamus:</strong></span> <span class='ocrx_word' id='word_1_293' title='bbox 964 2871 1050 2911; x_wconf 91' lang='lat' dir='ltr'><strong>qua</strong></span> <span class='ocrx_word' id='word_1_294' title='bbox 1072 2860 1252 2911; x_wconf 85' lang='lat' dir='ltr'><strong>ratione,</strong></span> <span class='ocrx_word' id='word_1_295' title='bbox 1283 2872 1411 2913; x_wconf 88' lang='lat' dir='ltr'><strong>quam</strong></span> <span class='ocrx_word' id='word_1_296' title='bbox 1434 2862 1600 2913; x_wconf 88' lang='lat' dir='ltr'><strong>partem</strong></span> <span class='ocrx_word' id='word_1_297' title='bbox 1626 2860 1920 2914; x_wconf 81' lang='lat' dir='ltr'><strong>quaestionis?</strong></span> <span class='ocrx_word' id='word_1_298' title='bbox 1953 2859 2166 2914; x_wconf 78' lang='lat' dir='ltr'><strong>primam?</strong></span> 
     </span>
    </p>
   </div>
   <div class='ocr_carea' id='block_1_3' title="bbox 494 2947 799 2953">
    <p class='ocr_par' dir='ltr' id='par_1_5' title="bbox 494 2947 799 2953">
     <span class='ocr_line' id='line_1_36' title="bbox 494 2947 799 2953; baseline 0 0"><span class='ocrx_word' id='word_1_299' title='bbox 494 2947 799 2953; x_wconf 95' lang='lat' dir='ltr'><strong> </strong></span> 
     </span>
    </p>
   </div>
   <div class='ocr_carea' id='block_1_4' title="bbox 486 2981 2166 3224">
    <p class='ocr_par' dir='ltr' id='par_1_6' title="bbox 620 2981 1260 3031">
     <span class='ocr_line' id='line_1_37' title="bbox 620 2981 1260 3031; baseline -0.002 -11"><span class='ocrx_word' id='word_1_300' title='bbox 620 2985 648 3031; x_wconf 90' lang='lat'><strong>¹)</strong></span> <span class='ocrx_word' id='word_1_301' title='bbox 677 2982 844 3020; x_wconf 88' lang='lat' dir='ltr'><strong>Tuscul.</strong></span> <span class='ocrx_word' id='word_1_302' title='bbox 866 2982 970 3030; x_wconf 89' lang='lat' dir='ltr'><strong>disp.</strong></span> <span class='ocrx_word' id='word_1_303' title='bbox 990 2982 1009 3019; x_wconf 92' lang='grc' dir='ltr'>Ι</span> <span class='ocrx_word' id='word_1_304' title='bbox 1037 2981 1087 3031; x_wconf 63' lang='grc' dir='ltr'><strong>ἓξ</strong></span> <span class='ocrx_word' id='word_1_305' title='bbox 1110 2985 1155 3019; x_wconf 83' lang='grc'><strong>12</strong></span> <span class='ocrx_word' id='word_1_306' title='bbox 1170 2993 1260 3030; x_wconf 91' lang='lat' dir='ltr'><strong>sqq.</strong></span> 
     </span>
    </p>

    <p class='ocr_par' dir='ltr' id='par_1_7' title="bbox 614 3044 1551 3095">
     <span class='ocr_line' id='line_1_38' title="bbox 614 3044 1551 3095; baseline 0.002 -11"><span class='ocrx_word' id='word_1_307' title='bbox 614 3046 650 3095; x_wconf 79' lang='lat'><strong>²)</strong></span> <span class='ocrx_word' id='word_1_308' title='bbox 681 3045 758 3094; x_wconf 78' lang='lat' dir='ltr'><strong>Qui</strong></span> <span class='ocrx_word' id='word_1_309' title='bbox 787 3044 1008 3085; x_wconf 82' lang='lat' dir='ltr'><strong>Gerckium</strong></span> <span class='ocrx_word' id='word_1_310' title='bbox 1038 3044 1147 3094; x_wconf 85' lang='lat' dir='ltr'><strong>(pag.</strong></span> <span class='ocrx_word' id='word_1_311' title='bbox 1168 3046 1258 3095; x_wconf 80' lang='lat'>726)</span> <span class='ocrx_word' id='word_1_312' title='bbox 1284 3049 1449 3085; x_wconf 84' lang='lat' dir='ltr'><strong>secutus</strong></span> <span class='ocrx_word' id='word_1_313' title='bbox 1478 3050 1551 3086; x_wconf 89' lang='lat' dir='ltr'><strong>est.</strong></span> 
     </span>
    </p>

    <p class='ocr_par' dir='ltr' id='par_1_8' title="bbox 486 3107 2166 3224">
     <span class='ocr_line' id='line_1_39' title="bbox 614 3107 2166 3161; baseline -0.002 -12"><span class='ocrx_word' id='word_1_314' title='bbox 614 3110 646 3159; x_wconf 82' lang='lat'><strong>³)</strong></span> <span class='ocrx_word' id='word_1_315' title='bbox 674 3110 730 3148; x_wconf 89' lang='lat' dir='ltr'><strong>Et</strong></span> <span class='ocrx_word' id='word_1_316' title='bbox 764 3109 963 3148; x_wconf 87' lang='lat' dir='ltr'><strong>rationem</strong></span> <span class='ocrx_word' id='word_1_317' title='bbox 999 3108 1104 3147; x_wconf 88' lang='lat' dir='ltr'><strong>hanc</strong></span> <span class='ocrx_word' id='word_1_318' title='bbox 1138 3109 1442 3158; x_wconf 88' lang='lat' dir='ltr'><strong>argumentandi</strong></span> <span class='ocrx_word' id='word_1_319' title='bbox 1479 3113 1520 3149; x_wconf 89' lang='lat' dir='ltr'><strong>et</strong></span> <span class='ocrx_word' id='word_1_320' title='bbox 1552 3109 1630 3149; x_wconf 91' lang='lat' dir='ltr'><strong>hoc</strong></span> <span class='ocrx_word' id='word_1_321' title='bbox 1664 3110 1893 3161; x_wconf 81' lang='lat' dir='ltr'><strong>exemplum</strong></span> <span class='ocrx_word' id='word_1_322' title='bbox 1921 3109 2015 3148; x_wconf 87' lang='lat' dir='ltr'><strong>trita</strong></span> <span class='ocrx_word' id='word_1_323' title='bbox 2040 3107 2166 3147; x_wconf 82' lang='lat' dir='ltr'><strong>fuisse</strong></span> 
     </span>
     <span class='ocr_line' id='line_1_40' title="bbox 486 3171 1607 3224; baseline 0.001 -12"><span class='ocrx_word' id='word_1_324' title='bbox 486 3185 508 3212; x_wconf 89' lang='lat' dir='ltr'><strong>e</strong></span> <span class='ocrx_word' id='word_1_325' title='bbox 538 3184 740 3213; x_wconf 87' lang='lat' dir='ltr'><strong>consensu</strong></span> <span class='ocrx_word' id='word_1_326' title='bbox 769 3172 876 3212; x_wconf 89' lang='lat' dir='ltr'><strong>Plut.</strong></span> <span class='ocrx_word' id='word_1_327' title='bbox 905 3172 956 3211; x_wconf 90' lang='lat' dir='ltr'><strong>de</strong></span> <span class='ocrx_word' id='word_1_328' title='bbox 986 3171 1110 3211; x_wconf 86' lang='lat' dir='ltr'><strong>Stoic.</strong></span> <span class='ocrx_word' id='word_1_329' title='bbox 1130 3183 1214 3222; x_wconf 88' lang='lat' dir='ltr'><strong>rep.</strong></span> <span class='ocrx_word' id='word_1_330' title='bbox 1234 3184 1268 3211; x_wconf 90' lang='lat' dir='ltr'><strong>c.</strong></span> <span class='ocrx_word' id='word_1_331' title='bbox 1288 3175 1336 3212; x_wconf 82' lang='grc'><strong>46</strong></span> <span class='ocrx_word' id='word_1_332' title='bbox 1364 3173 1607 3224; x_wconf 87' lang='lat' dir='ltr'><strong>agnoscitur.</strong></span> 
     </span>
    </p>
   </div>
  </div>
 </body>
</html>
