2261 3772
1671 285 1726 329 17

40 424 103 471 ,id
136 423 228 467 fieri
260 436 348 467 non
380 422 534 480 po'test.
587 421 723 466 Aliud
755 420 866 464 nihil
898 418 1173 475 relinquitur.
1231 416 1348 472 Ergo
1383 416 1608 470 nescimus,
1643 424 1728 469 quo

59 501 293 557 respiciant
324 502 405 544 illa
436 500 589 545 verba:
627 501 712 556 Qui
746 501 864 543 loeus
898 498 1079 553 attinyit
1103 497 1218 540 hano
1241 495 1549 550 quaestionem.
1599 493 1729 535 Tam-

60 591 188 634 quam
223 580 351 634 caput
384 577 505 621 deest
538 577 725 632 corpori,
758 575 952 631 inprimis
984 577 1214 631 postquam
1249 570 1353 628 quid
1387 570 1441 613 de
1473 571 1523 623 ἐξ
1549 569 1730 611 11-—12

60 654 321 698 censendum
369 655 423 696 sit
473 652 770 695 constituimus
817 664 976 705 easque
1020 664 1073 693 ex
1112 649 1232 692 fonte
1272 648 1397 703 quasi
1437 646 1731 689 exstinximus.

187 730 306 783 Quae
344 741 472 785 porro
505 729 550 770 in
584 729 634 780 ἓξ
658 727 840 768 17-20
875 726 1180 782 explicantur,
1211 724 1356 768 omnia
1389 725 1489 766 sunt
1520 722 1657 777 plana
1691 723 1734 763 et

60 806 269 848 dilucida:
316 804 524 846 habemus
567 803 782 856 integrum
827 805 868 844 et
913 802 1124 844 sincerum
1165 800 1295 843 fontis
1337 797 1598 842 contextum.
1671 797 1734 839 At

59 881 104 924 in
165 883 357 924 extrema
416 881 542 934 parte
596 876 897 920 Schmekelius
960 878 1185 932 complura
1248 876 1301 919 de
1364 876 1570 918 contextu
1631 872 1733 916 libri

61 955 297 1001 Carneadis
353 956 549 998 consulto
606 968 632 996 a
682 953 890 997 Cicerone
945 953 1102 995 omissa
1157 965 1268 1005 esse,
1324 951 1531 1006 deinceps
1588 951 1732 992 autem

59 1032 130 1090 (ἓξ
163 1032 378 1086 20—28)
433 1044 480 1074 re
534 1043 640 1073 vera
691 1029 873 1073 eandem
924 1030 1164 1073 continuari
1213 1027 1628 1084 argumentationem
1679 1039 1733 1069 ex

61 1121 274 1151 consensu
312 1107 362 1163 ἐξ
390 1108 573 1149 18-20
614 1119 709 1149 cum
752 1108 801 1159 §g
828 1106 882 1147 21
900 1118 994 1160 sqq.
1038 1107 1166 1159 atque
1207 1117 1262 1147 ex
1301 1104 1464 1147 verbis:
1507 1102 1595 1146 Sed
1627 1103 1734 1145 haec

62 1184 291 1234 hemena&
325 1183 419 1229 alia
451 1183 674 1225 videamus
698 1182 911 1224 conclusit
932 1181 991 1237 (p.
1014 1181 1132 1235 175).
1175 1180 1414 1223 Concinunt
1437 1192 1541 1222 sane
1564 1177 1610 1220 hi
1632 1178 1733 1231 loci,

9 1257 20 1268 ⁸
61 1258 137 1301 sed
170 1260 269 1314 post
301 1258 406 1314 §20
430 1248 609 1312 'aliquid
644 1256 883 1300 desiderari
916 1269 1003 1299 non
1037 1256 1174 1299 sentio
1209 1268 1362 1310 neque,
1397 1255 1471 1309 qui
1505 1266 1733 1309 argumen-

60 1334 164 1375 tatio
208 1336 356 1376 nostra
399 1332 448 1388 ἐξ
473 1333 658 1375 21-28
703 1332 976 1375 continuetur
1020 1334 1063 1373 et
1103 1331 1383 1385 compleatur.
1449 1329 1596 1371 Verba
1629 1340 1733 1370 vero

61 1409 141 1450 illa
184 1409 276 1451 sine
324 1408 452 1450 dubio
495 1408 689 1450 indicant
727 1406 892 1461 aliquid
926 1421 951 1448 a
985 1407 1193 1450 Cicerone
1228 1408 1437 1447 mutatum
1471 1417 1584 1456 esse3
1629 1403 1733 1457 quid

62 1485 205 1526 autem
246 1485 289 1525 et
328 1496 413 1537 quo
446 1482 574 1525 modo
607 1482 917 1535 immutaverit,
958 1495 1045 1524 non
1079 1484 1195 1524 certe
1231 1480 1470 1523 declarant.
1537 1480 1737 1533 Denique

64 1557 118 1601 de
162 1558 345 1612 ratione,
391 1571 500 1613 quae
535 1558 650 1601 inter
683 1557 732 1614 ἐξ
757 1557 943 1599 20-28
979 1559 1022 1599 et
1059 1556 1242 1598 18-20
1276 1554 1536 1608 intercedat,
1578 1568 1646 1597 me
1679 1555 1739 1596 ita

61 1633 254 1676 iudicare
276 1637 428 1689 postea
451 1633 688 1687 ostendam,
712 1636 863 1676 utnon
881 1633 1042 1688 possim
1061 1632 1273 1686 accipere,
1298 1631 1414 1686 quod
1432 1630 1737 1674 Schmekelius

64 1709 300 1764 coniecit.¹)

190 1785 373 1829 Omnino
418 1785 548 1841 igitur
591 1785 730 1828 minus
776 1785 829 1829 de
874 1787 1066 1828 extrema
1105 1786 1229 1840 parte
1269 1783 1424 1827 dubius
1459 1796 1550 1827 sum
1597 1797 1737 1840 quam,

64 1874 148 1916 quo
183 1862 237 1904 sit
269 1864 359 1904 tota
391 1861 681 1905 annectenda:
717 1864 846 1917 caput
871 1861 959 1904 dixi
983 1861 1154 1916 corpori
1177 1860 1342 1904 deesse.
1386 1861 1523 1904 Estne
1546 1859 1737 1903 decisum

64 1951 89 1978 a
112 1937 349 1980 Cicerone?
382 1937 444 1979 At
467 1940 570 1979 cur?
606 1938 680 1980 An
703 1936 921 1979 intercidit
943 1937 1096 1980 Cicero
1119 1936 1296 1992 partes?
1331 1936 1636 1988 Quaerendum
1661 1939 1738 1989 est,

64 2025 148 2067 quo
182 2013 363 2056 alteram
398 2012 650 2059 condiderit.
708 2013 781 2056 An
817 2026 871 2055 ex
905 2013 993 2056 alio
1026 2013 1140 2056 libro
1174 2012 1268 2068 ipse
1303 2025 1380 2055 suo
1416 2012 1593 2055 arbitrio
1628 2011 1738 2055 haec

64 2088 206 2130 omnia
239 2089 469 2144 assumpsit
498 2089 656 2131 omissa
679 2101 731 2130 ea
753 2091 887 2143 parte,
922 2101 1050 2143 quam
1075 2088 1398 2131 desideramus?
1445 2088 1540 2131 Hoc
1563 2088 1738 2131 tertium

64 2164 236 2208 minime
276 2164 502 2220 probabile
538 2168 602 2208 est
635 2168 678 2208 et
710 2167 886 2220 propter
921 2163 1217 2208 difficultatem
1251 2165 1314 2208 rei
1348 2167 1390 2208 et
1422 2167 1601 2220 propter
1636 2178 1737 2207 con-

64 2252 246 2293 sensum,
280 2241 354 2295 qui
386 2241 498 2283 int-er
532 2240 581 2297 ἓξ
603 2241 658 2283 18
683 2243 726 2283 et
755 2241 808 2283 19
834 2243 962 2296 atque
986 2240 1034 2297 ἐξ
1055 2241 1241 2283 21-23
1265 2239 1514 2284 intercedit:
1549 2240 1585 2283 si
1607 2239 1735 2283 modo

63 2316 325 2364 restituimus
364 2317 591 2370 pristinum
633 2316 846 2370 ordinem,
888 2317 1030 2359 omnia
1063 2319 1150 2358 tam
1184 2317 1398 2358 concinna
1431 2319 1530 2358 sunt
1563 2319 1605 2358 et
1639 2329 1736 2358 cum
1817 2316 1827 2327 ⁸

65 2390 317 2446 quaestione
350 2391 546 2435 instituta
579 2390 687 2435 adeo
722 2390 949 2446 hic-locus
983 2392 1204 2445 convenit,
1237 2394 1284 2434 ut
1318 2390 1432 2434 demi
1464 2404 1553 2434 non
1585 2391 1736 2447 possit.

64 2467 216 2510 Habeo
262 2467 375 2510 enim
418 2480 669 2523 persuasum
714 2468 917 2511 intercisa
960 2468 1042 2509 illa
1090 2480 1204 2521 esse,
1248 2481 1327 2523 pro
1372 2470 1489 2510 certo
1535 2470 1736 2523 partem

65 2545 313 2597 nostram,
348 2557 458 2598 quae
483 2543 599 2599 apud
623 2543 875 2587 Ciceronem
898 2543 1088 2587 secunda
1110 2543 1379 2586 numeranda
1402 2546 1477 2597 est,
1511 2544 1563 2586 in
1592 2543 1736 2586 fonte

65 2617 114 2674 ἐξ
140 2619 195 2660 21
229 2621 278 2661 et
307 2620 364 2661 22
401 2632 512 2663 esse
545 2620 850 2663 insecutam:
884 2634 985 2663 nam
1006 2620 1067 2663 ibi
1091 2620 1143 2663 de
1168 2620 1321 2663 atomis
1346 2632 1578 2675 earumque
1603 2619 1737 2664 decli-

65 2694 241 2737 natione
274 2696 335 2737 ita
369 2697 512 2750 agitur
545 2710 708 2751 eaeque
742 2700 829 2739 tam
865 2698 1038 2752 copiose
1067 2699 1358 2753 explanantur
1381 2700 1424 2740 et
1446 2697 1738 2750 declarantur,

65 2770 113 2810 ut
144 2769 224 2811 illo
257 2770 356 2812 loco
391 2783 466 2813 eas
488 2772 673 2826 prImum
698 2772 1176 2827 commemorariatque
1199 2772 1347 2815 induci
1369 2776 1595 2828 appareat3
1631 2772 1654 2828 ἓ
1682 2773 1738 2814 18

67 2846 208 2886 autem
252 2845 402 2887 nititur
445 2845 529 2888 hac
573 2847 766 2889 scientia.
831 2846 882 2888 Id
927 2847 1160 2889 maximum
1202 2847 1312 2890 duco
1355 2851 1397 2889 et
1437 2849 1539 2890 satis
1572 2847 1738 2889 firmum

67 2918 387 2974 documentum
421 2920 567 2976 itaque
601 2922 690 2964 alia
722 2935 837 2966 nunc
872 2921 1046 2978 quidem
1078 2923 1372 2979 praetermitto
1408 2922 1480 2979 (cf.
1512 2936 1553 2979 p.
1579 2922 1669 2980 22).

193 2997 308 3051 Ergo
353 2998 402 3048 ἓξ
430 2997 638 3050 13-14,
687 2999 891 3050 17—20,
936 2999 972 3040 si
1017 3011 1113 3040 eum
1158 3001 1406 3040 contextum
1440 3000 1640 3041 volumus
1673 3012 1753 3044 re-.

68 3072 261 3127 stituere,
304 3072 379 3127 qui
410 3072 456 3114 in
488 3072 601 3116 libro
636 3072 852 3129 descripto
887 3073 1038 3128 fuerat,
1078 3076 1152 3117 aut
1183 3077 1283 3129 post
1316 3074 1539 3118 Ciceronis
1572 3078 1740 3131 partem

196 3236 228 3288 ¹)
257 3236 369 3287 Quae
395 3248 433 3287 p.
456 3239 526 3276 176
554 3235 647 3276 inde
674 3235 884 3286 conclusit,
913 3236 991 3278 iam
1017 3250 1057 3289 p.
1078 3241 1099 3277 8
1116 3250 1176 3289 sq.
1204 3238 1329 3279 docui
1354 3238 1465 3278 irrita
1492 3250 1595 3279 esse.

1487 3318 1509 3359 2
