2306 3800
257 910 449 988 Aetatis
483 945 658 986 nostrae
693 945 758 985 est
792 942 844 985 de
878 943 1064 985 maximo
1098 955 1269 997 quoque
1303 943 1394 985 viro
1429 946 1558 998 atque
1582 943 1814 999 praecipue

146 1019 199 1062 de
233 1018 512 1073 scriptoribus
545 1018 846 1060 illustrissimis
878 1017 923 1060 id
957 1018 1138 1072 primum
1172 1019 1460 1072 interrogare,
1502 1021 1662 1071 utrum,
1704 1031 1815 1073 quae

146 1094 378 1148 ediderint,
413 1094 724 1149 exquisiverint
758 1094 840 1149 ipsi
874 1107 929 1135 an
963 1093 1139 1136 aliunde
1175 1094 1447 1150 sumpserint.
1504 1095 1571 1137 De
1606 1094 1816 1138 Cicerone

144 1171 273 1226 igitur
312 1171 349 1213 si
389 1184 536 1213 verum
577 1173 637 1224 et,
682 1169 799 1225 quod
839 1170 999 1213 rationi
1031 1169 1131 1214 huic
1166 1173 1410 1213 nostrorum
1444 1173 1681 1226 temporum
1717 1183 1817 1213 con-

145 1247 308 1301 veniat,
352 1247 558 1289 iudicium
602 1248 799 1289 volumus
844 1246 1053 1302 profiteri,
1099 1247 1284 1289 maxime
1326 1250 1391 1289 est
1430 1248 1722 1290 necessarium
1764 1246 1816 1288 de

145 1322 335 1365 fontibus
395 1323 604 1365 librorum
666 1324 758 1365 eius
813 1323 1154 1377 disquisitionem
1210 1323 1436 1366 instituere
1492 1324 1817 1366 accuratiorem.

146 1398 376 1440 Accedunt
408 1399 519 1440 aliae
555 1411 710 1440 causae
744 1399 973 1441 maximae:
1019 1412 1160 1453 neque
1195 1399 1306 1441 enim
1342 1398 1396 1442 de
1431 1399 1651 1442 Ciceronis
1684 1400 1817 1454 ipsius

146 1473 372 1515 sententiis
422 1486 563 1526 neque
614 1473 667 1515 de
717 1472 1009 1528 philosophis,
1060 1487 1240 1527 quorum
1286 1474 1542 1529 disciplinas
1586 1475 1817 1517 memoriae

145 1548 354 1603 prodidit,
399 1548 576 1591 Graecis
620 1549 722 1591 satis
768 1551 884 1591 certe
927 1562 1154 1604 possumus
1198 1549 1410 1603 iudicare,
1456 1553 1687 1604 antequam
1721 1550 1819 1592 dili-

146 1624 392 1679 gentissime
443 1623 779 1678 distinxerimus,
831 1637 942 1680 quae
991 1627 1136 1680 partes
1183 1626 1393 1668 librorum
1438 1626 1574 1682 ipsius
1618 1626 1819 1682 propriae

147 1700 243 1754 sint,
278 1714 390 1754 quae
425 1713 479 1742 ex
512 1700 702 1743 fontibus
736 1700 929 1744 haustae.

275 1774 439 1827 Quibus
462 1775 639 1819 adducti
662 1777 801 1820 causis
819 1778 1023 1831 permulti
1041 1791 1174 1832 opera
1191 1778 1414 1822 Ciceronis
1432 1779 1821 1834 perlustraverunt,

147 1852 192 1893 in
241 1851 389 1906 primis
439 1851 573 1894 libros
624 1852 680 1894 ad
726 1851 1047 1908 philosophiam
1091 1854 1375 1908 pertinentes,
1427 1867 1510 1908 quo
1554 1855 1598 1896 in
1643 1867 1820 1897 numero

149 1929 247 1969 sunt
279 1927 510 1980 Hirzelius,
554 1926 849 1981 Schwenkius,
893 1928 1055 1982 Hoyer,
1096 1928 1335 1982 Schichius,
1377 1929 1697 1984 Schmekelius,
1742 1931 1822 1972 alii

149 2004 404 2058 complures.
479 2003 643 2046 Horum
687 2018 791 2047 vero
837 2018 890 2047 ex
935 2006 1385 2061 commentationibus,
1430 2019 1689 2062 quamquam
1733 2020 1821 2050 non

147 2079 209 2131 id,
257 2080 372 2133 quod
418 2079 518 2121 inde
553 2093 734 2133 sumam,
780 2082 919 2134 ipsum
955 2081 1182 2123 ostendere
1217 2082 1299 2124 sibi
1332 2087 1648 2137 proposuerunt
1681 2097 1822 2137 neque

149 2154 202 2198 de
248 2155 443 2198 omnibus
489 2156 599 2198 locis
642 2169 818 2211 prorsus
862 2156 1075 2211 liquidum
1110 2160 1278 2200 constat
1310 2157 1532 2212 iudicium,
1576 2158 1685 2202 haec
1719 2159 1824 2202 mihi

148 2230 349 2273 videntur
395 2233 619 2286 consequi:
664 2245 806 2287 pauca
851 2235 923 2274 aut
967 2232 1079 2275 nihil
1124 2233 1214 2276 fere
1249 2234 1469 2277 Ciceronis
1502 2235 1681 2290 propria
1715 2248 1821 2288 esse,

147 2307 357 2350 librorum
409 2307 583 2363 quidem
632 2311 732 2364 post
776 2308 1013 2352 discordias
1059 2310 1210 2353 civiles
1256 2310 1486 2364 editorum,
1535 2312 1680 2367 itaque
1725 2326 1821 2368 per-

149 2383 327 2427 difficile
363 2397 456 2427 esse
492 2398 545 2427 ex
580 2385 640 2427 eis
675 2389 929 2439 argumenta
964 2399 1112 2429 eruere
1137 2386 1191 2429 de
1214 2389 1439 2429 sententiis
1464 2389 1822 2443 opinionibusque

148 2460 239 2502 sive
281 2460 416 2515 ipsius
457 2460 548 2503 sive
582 2461 758 2504 illorum
791 2464 1052 2517 temporum,
1097 2476 1238 2517 neque
1273 2462 1326 2505 de
1360 2464 1645 2519 religionibus
1680 2478 1821 2519 neque

150 2535 203 2578 de
238 2537 335 2578 aliis
371 2537 698 2591 quibuscunque
732 2537 871 2580 rebus.

274 2613 374 2655 Non
420 2626 520 2656 suus
569 2617 633 2657 est
667 2613 817 2658 Cicero
862 2615 906 2656 in
951 2614 1018 2658 his
1052 2616 1174 2659 libris
1207 2618 1481 2671 plerumque,
1528 2617 1604 2659 sed
1638 2618 1821 2660 aliorum

148 2686 282 2729 refert
316 2688 565 2742 sententias,
601 2689 729 2730 etiam
764 2692 852 2732 tum
888 2703 983 2732 cum
1018 2703 1117 2734 suus
1152 2704 1246 2734 esse
1279 2693 1386 2734 vult.
1448 2691 1743 2748 Philosophia,
1777 2696 1823 2734 ut

147 2764 207 2806 ita
257 2763 414 2818 dicam,
464 2765 509 2807 in
558 2766 745 2809 animum
796 2768 888 2810 eius
938 2781 1025 2810 non
1076 2768 1300 2812 descendit
1349 2783 1490 2824 neque
1537 2771 1580 2812 in
1625 2774 1822 2813 naturam

147 2840 284 2895 ipsam
339 2842 603 2896 penetravit,
665 2842 837 2886 intimos
888 2844 1108 2888 Ciceronis
1164 2859 1313 2888 sensus
1370 2849 1411 2888 et
1461 2847 1686 2901 opiniones
1736 2860 1823 2890 non

151 2917 291 2971 tetigit
325 2929 467 2969 neque
501 2920 693 2960 mutavit.
738 2920 890 2961 Liceat
922 2920 968 2961 id
1001 2934 1086 2962 uno
1122 2934 1175 2963 ex
1209 2923 1437 2976 perpaucis
1460 2924 1568 2964 locis
1591 2924 1822 2976 illustrare,

149 2991 264 3035 unde
309 2992 444 3047 ipsius
490 2993 633 3036 elucet
679 2995 836 3049 opinio.
882 2995 969 3045 ,De
1004 2999 1090 3038 nat.
1115 2996 1229 3039 deor.
1254 2997 1315 3039 ΠΙ
1349 2997 1397 3053 ἕξ
1423 2998 1525 3052 5sq.
1561 2998 1704 3051 Cotta,
1750 3000 1823 3053 qui

150 3069 368 3112 Ciceronis
403 3069 512 3123 gerit
544 3082 787 3123 personam,
820 3070 930 3113 haec
962 3070 1204 3126 profitetur:
1237 3073 1337 3127 Eyo
1367 3087 1464 3115 vero
1490 3087 1564 3116 eas
1589 3075 1823 3128 defendam

149 3158 315 3199 semper
357 3158 604 3198 semperque
649 3146 826 3199 defendi
865 3147 939 3201 (sc.
975 3149 1217 3200 opiniones,
1265 3163 1373 3202 quas
1410 3163 1437 3191 a
1477 3151 1716 3194 maioribus
1752 3165 1821 3194 ae-

152 3222 339 3275 cepimns
387 3221 437 3264 de
481 3220 547 3263 dis
580 3221 918 3273 immortalibus,
963 3235 1108 3277 sacra,
1157 3226 1445 3268 caerimonias
1478 3226 1824 3282 reliyionesqne)‚

1576 3316 1592 3351 l
