2334 3800
1897 341 1955 382 29

284 448 521 506 eodemque
554 452 804 501 referendas
838 471 932 502 esse
966 458 1015 515 §g
1040 460 1241 516 21—-25,
1276 476 1302 505 a
1334 463 1548 519 principio
1582 465 1656 507 vix
1689 469 1954 510 concesseris

282 525 410 568 etiam
443 526 526 571 hac
558 534 680 585 parte
712 534 914 578 universa
947 537 1128 580 eandem
1162 551 1252 581 rem
1282 540 1470 583 tractari.
1520 540 1669 596 Atque
1692 555 1803 596 quae
1828 543 1952 586 huius

279 602 415 655 partis
448 609 619 649 servata
652 612 761 663 sunt,
795 611 858 652 nil
891 613 979 655 tale
1013 613 1226 668 indicant3
1261 614 1315 659 de
1348 616 1529 671 perditis
1558 631 1666 661 vero
1691 619 1774 661 nisi
1800 632 1854 662 ex
1878 620 1950 673 eis,

279 688 391 731 quae
425 683 609 738 exstant,
642 697 729 727 non
762 686 868 729 licet
900 687 1104 733 iudicare.
1153 690 1295 735 Mores
1330 693 1443 736 enim
1478 706 1689 750 nusquam
1712 697 1951 752 tanguntur

276 754 359 798 nisi
402 756 516 800 intra
562 761 881 804 conclusionem
925 763 1031 818 §40
1075 768 1278 821 relatam,
1322 770 1396 812 ubi
1441 784 1527 813 non
1572 784 1651 814 sua
1695 785 1828 816 causa
1873 786 1946 816 eos

276 835 600 876 commemorari
633 834 722 889 sed,
756 840 802 878 ut
836 840 1071 893 conclusio,
1106 855 1233 896 quam
1261 843 1472 900 integram
1496 845 1742 891 describere
1766 861 1944 892 necesse

274 909 384 960 erat,
432 909 564 963 plena
598 910 663 964 sit,
696 910 798 954 inde
833 918 1027 970 apparet,
1062 917 1177 971 quod
1212 918 1267 961 ad
1300 919 1412 963 hanc
1447 924 1741 967 conclusionis
1774 929 1943 981 partem

272 986 423 1036 postea
472 998 684 1039 nusquam
733 989 1015 1047 respicitur.1)
1090 991 1176 1035 Sed
1221 993 1330 1037 haec
1374 999 1733 1041 assensionum
1776 1004 1942 1044 tantum

273 1069 403 1100 causa
445 1059 753 1116 introducitur,
799 1063 851 1106 de
896 1065 1049 1119 quibus
1092 1067 1137 1109 in
1183 1067 1286 1124 §41
1303 1082 1395 1125 sqq.
1435 1073 1506 1126 agi
1545 1073 1817 1117 manifestum
1858 1080 1941 1119 est:

272 1145 349 1175 eae
393 1147 496 1178 vero
541 1136 660 1192 ipsae
700 1151 788 1182 non
826 1153 905 1195 per
943 1154 990 1185 se
1029 1144 1284 1200 tractantur,
1330 1146 1406 1189 sed
1440 1147 1538 1191 ideo
1573 1148 1851 1204 adhibentur,
1896 1155 1943 1195 ut

270 1221 438 1252 earum
481 1224 574 1267 ope
616 1215 926 1260 conciliatio
968 1217 1066 1261 fiat
1102 1220 1239 1263 inter
1273 1221 1620 1268 adversarios.
1687 1227 1792 1270 Cum
1828 1229 1940 1270 enim

269 1283 322 1327 de
361 1284 428 1329 his
468 1288 576 1330 talia
610 1288 877 1346 Chrysippus
912 1293 1144 1351 docuisset,
1189 1298 1235 1338 ut
1267 1301 1415 1352 posset
1449 1299 1586 1343 videri
1621 1301 1939 1355 quodammodo

268 1359 482 1403 studuisse
526 1361 602 1404 fati
645 1365 781 1408 vitare
815 1369 1134 1423 necessitatem,
1180 1383 1441 1426 quamquam
1475 1387 1563 1416 non
1597 1376 1769 1419 omnino
1803 1377 1938 1420 fatum

266 1445 359 1476 esse
388 1440 637 1492 negaverat,
670 1438 957 1496 philosophus
982 1443 1226 1500 Chrysippo
1264 1450 1514 1501 tanquam
1545 1451 1746 1494 arbitro
1777 1453 1936 1494 liono-

263 1510 408 1552 rario
452 1511 584 1555 utitur
623 1513 664 1569 (ξ
689 1514 784 1571 39);
828 1531 984 1574 nempe
1024 1518 1164 1583 hunc,
1212 1535 1308 1565 enni
1346 1527 1537 1568 veteram
1571 1526 1937 1582 philosophorum

263 1585 390 1628 alteri
435 1589 673 1632 sensissent
717 1594 864 1635 omnia
906 1595 972 1636 ita
1003 1596 1102 1649 fato
1135 1597 1248 1650 fieri,
1292 1602 1344 1642 ut
1374 1601 1423 1643 id
1452 1601 1601 1655 fatum
1632 1604 1720 1646 vini
1752 1607 1935 1648 necessi-

265 1662 368 1704 tatis
430 1664 630 1717 afferret,
693 1668 841 1711 alteris
895 1671 990 1713 sine
1042 1673 1135 1715 ullo
1189 1675 1288 1727 fato
1346 1689 1436 1719 esse
1491 1680 1737 1722 animorum
1790 1685 1934 1725 motus

259 1736 500 1780 voluntarii
561 1740 643 1782 visi
708 1746 871 1797 essent,
949 1749 1199 1800 tanquam
1271 1751 1526 1795 arbitram
1592 1754 1931 1799 honorarium

258 1813 478 1855 ‘mediani
531 1816 693 1868 ferire
744 1820 996 1872 voluisse,
1051 1825 1129 1866 sed
1177 1827 1399 1878 applicare
1448 1841 1494 1870 se
1544 1831 1604 1872 ad
1652 1843 1723 1872 eos
1762 1834 1929 1885 potins,

259 1888 335 1939 qui
373 1891 629 1934 necessitate
671 1896 813 1937 motus
857 1897 1102 1941 animorum
1148 1900 1352 1945 liberatos
1395 1905 1533 1947 velint
1728 1908 1930 1963 Pergitur

257 1960 302 2020 (ξ
326 1963 422 2019 40):
472 1964 621 2020 Atque
670 1969 768 2021 hoe,
818 1973 858 2014 si
895 1974 1067 2026 placet,
1120 1977 1250 2029 quale
1294 1979 1369 2030 sit,
1418 1981 1690 2025 videamus
1739 1985 1792 2026 in
1843 1997 1925 2027 as-

255 2042 589 2086 sensionibus
785 2047 883 2092 Eas
928 2052 1041 2093 enini
1083 2056 1243 2097 veteres
1286 2055 1357 2097 itti
1550 2058 1636 2113 Qui
1679 2063 1825 2102 autem
1870 2063 1925 2104 ab

254 2115 310 2158 iis
360 2117 674 2163 dissentiebant
871 2125 972 2168 Sine
1021 2127 1151 2171 dubio
1201 2129 1273 2172 hic
1323 2134 1619 2187 annuntiatur,
1670 2136 1773 2189 quid
1822 2137 1923 2180 huic

252 2191 368 2244 parti
400 2195 668 2249 propositum
702 2197 766 2239 sit.
815 2198 872 2241 Et
904 2200 1005 2243 ilico
1039 2202 1242 2259 incipitur
1275 2207 1456 2250 collatio
1488 2210 1530 2250 et
1554 2211 1820 2265 comparatio
1845 2212 1921 2254 ad-

253 2268 553 2324 versariorum,
588 2272 662 2326 qui
695 2273 774 2315 sibi
798 2280 1073 2331 opponuntur
1095 2288 1145 2322 eo
1169 2282 1364 2336 consilio,
1398 2286 1444 2326 ut
1467 2284 1662 2328 adhibita
1686 2286 1920 2343 Chrysippi

252 2339 304 2383 de
335 2344 655 2389 assensionibus
684 2351 898 2393 sententia
919 2353 1130 2407 paulatim
1152 2356 1382 2411 placentur
1416 2358 1752 2405 demonstrando
1774 2362 1819 2419 (ξ
1839 2364 1918 2419 44)

250 2419 455 2472 utrosque
487 2423 724 2476 patefacta
769 2429 899 2479 atque
944 2430 1160 2482 explicata
1202 2436 1419 2476 sententia
1464 2437 1525 2478 ad
1558 2439 1739 2480 eundem
1771 2442 1917 2482 venire

251 2494 433 2537 exitum:
467 2509 570 2552 ergo
602 2501 775 2544 verbis
810 2515 892 2546 eos
924 2517 1029 2547 non
1060 2519 1114 2548 re
1149 2508 1414 2552 dissidere.

371 2571 480 2615 Inde
503 2587 581 2628 pro
608 2579 724 2619 certo
747 2577 791 2619 id
809 2580 1012 2635 sequitur,
1034 2580 1127 2625 fieri
1144 2597 1230 2626 non
1247 2598 1387 2640 posse,
1411 2587 1527 2641 quod
1544 2587 1743 2633 Stuevius
1763 2591 1821 2646 (p.
1836 2592 1937 2648 56)'

246 2646 395 2699 voluit,
429 2650 476 2690 ut
509 2649 558 2705 ἐξ
583 2651 768 2695 41-45
804 2655 916 2698 alius
950 2659 1138 2702 auctoris
1171 2661 1458 2706 concedamus
1493 2677 1586 2707 esse
1620 2668 1749 2720 atque
1783 2667 1832 2723 ἐξ
1852 2670 1910 2710 39

245 2722 288 2762 et
321 2721 404 2764 40:
451 2725 663 2770 artissime
709 2729 912 2775 cohaeret
956 2736 1047 2776 tota
1089 2735 1198 2779 haec
1242 2750 1360 2794 pars,
1409 2743 1536 2794 atque
1571 2742 1606 2784 si
1640 2741 1690 2796 ἓξ
1715 2742 1908 2787 41—45

241 2795 495 2841 Antiochi
528 2801 876 2849 Ascalonitae
909 2821 1014 2863 prae
1049 2822 1095 2853 se
1127 2810 1270 2854 ferunt
1291 2814 1514 2869 rationem,
1550 2815 1603 2859 de
1628 2816 1678 2873 ἐξ
1699 2818 1756 2860 39
1782 2822 1824 2862 et
1848 2820 1908 2863 40

240 2869 356 2914 idem
398 2876 659 2919 censendum
701 2883 777 2922 est.
842 2882 892 2924 Id
935 2897 1034 2927 vero
1068 2889 1186 2929 recte
1219 2887 1420 2932 Stuevius
1454 2892 1589 2934 sensit
1621 2895 1746 2936 nullo
1780 2896 1909 2939 modo

365 3072 394 3123 1)
424 3073 608 3115 Ceterum
634 3076 733 3117 nihil
757 3079 952 3132 proficiat,
981 3093 1085 3133 quae
1104 3084 1385 3128 Schmekelius
1404 3090 1460 3140 (p.
1479 3093 1548 3130 177
1561 3094 1670 3144 sqq.)
1696 3096 1909 3146 complura

238 3134 290 3175 (16
323 3135 398 3177 hac
430 3141 545 3188 parte
577 3140 705 3191 magis
733 3141 784 3181 de
810 3155 885 3184 suo
913 3146 1106 3186 confinxit
1132 3160 1250 3199 quam
1276 3150 1372 3191 inde
1401 3154 1639 3207 explicavit,
1675 3158 1909 3208 singillatim

235 3199 422 3241 refutare.
474 3201 523 3242 Id
555 3203 683 3243 solum
716 3206 938 3247 notandum
965 3213 1027 3249 est
1053 3210 1218 3254 brevius
1245 3226 1365 3265 quam
1393 3217 1572 3259 debebat
1598 3220 1649 3260 ab
1678 3233 1727 3263 eo
1756 3224 1812 3274 (p.
1838 3229 1907 3266 lso

234 3273 320 3303 ann.
343 3267 384 3316 3)
411 3267 650 3307 sententiam
678 3267 842 3309 Gerckii
868 3271 937 3323 (cf.
965 3285 1004 3323 p.
1024 3278 1047 3313 4
1062 3276 1140 3327 sq.)
1168 3277 1312 3329 attingi
1339 3283 1380 3319 et
1406 3282 1621 3333 repudiari.
