2311 3772
286 237 343 279 12

281 362 450 404 initium
493 363 569 407 fiat
614 364 898 409 refutationis.
964 367 1096 408 Illum
1139 366 1290 420 aliqua
1332 366 1500 408 ratione
1546 365 1745 411 docuisse
1782 380 1963 411 necesse

284 441 350 482 est
390 451 486 483 esse
528 440 748 496 quandam
784 442 972 486 omnium
1004 455 1146 486 rerum
1178 442 1288 484 inter
1322 454 1368 485 se
1403 440 1751 486 coniunctionem
1785 446 1829 487 et
1862 456 1963 487 con-

283 516 523 571 tagionem3
556 517 660 560 inde
691 520 826 573 sequi,
860 523 907 562 ut
931 517 1302 562 dissimilitudines
1325 518 1585 560 necessitate
1608 522 1789 562 naturae
1811 519 1964 563 fierent

287 605 383 634 cum
419 595 592 637 ceterae
626 597 714 636 tum
750 594 1017 639 differentiae
1050 595 1321 650 ingeniorum
1354 593 1654 646 humanorum3
1693 593 1866 638 differre
1898 596 1962 638 in-

286 668 416 722 genia
460 668 681 711 hominum
729 671 1040 712 convenienter
1084 682 1180 713 cum
1223 670 1387 712 naturis
1429 671 1634 713 locorum.
1700 668 1815 711 Tota
1858 682 1962 711 vero

285 743 396 786 haec
431 746 655 786 conclusio
690 759 741 787 eo
776 748 869 787 erat
901 747 1080 798 intenta,
1114 748 1160 788 ut
1195 746 1336 787 omnia
1359 745 1448 788 fato
1470 745 1563 788 fieri
1585 744 1961 787 demonstraretur.

286 820 592 873 Respondetur
647 820 819 863 differre
875 834 979 864 sane
1035 823 1136 864 loca
1190 823 1311 864 velut
1367 823 1537 864 caelum
1592 821 1865 865 Athenarum
1920 824 1962 864 et

286 893 538 937 Thebarum
590 898 632 939 et
682 909 775 939 esse
821 896 1004 939 alicuius
1050 897 1271 951 momenti,
1323 898 1367 939 ut
1410 895 1703 940 Athenienses
1748 896 1962 940 acutiores

286 971 374 1012 sint
408 984 535 1024 quam
571 971 790 1014 Thebani:
825 972 903 1015 sed
935 975 987 1014 ut
1019 975 1099 1014 aut
1121 973 1339 1015 Zenonem
1373 975 1469 1026 quis
1504 976 1584 1015 aut
1603 972 1852 1016 Arcesilam
1885 976 1965 1015 aut

290 1046 638 1100 Theophrastum
682 1049 856 1101 audiat,
907 1061 1181 1102 nequaquam
1233 1050 1356 1092 caelo
1408 1048 1533 1092 effici.
1605 1050 1726 1093 Haec
1771 1049 1822 1092 de
1864 1050 1964 1102 ipsa

287 1124 546 1175 contayione
584 1135 729 1165 rerum
763 1123 803 1178 (ξ
829 1123 894 1178 7);
939 1123 1098 1165 deinde
1133 1123 1200 1178 (ἕξ
1223 1125 1397 1178 8-10)
1433 1124 1486 1166 de
1521 1124 1962 1175 dissimilitudinibus‚

286 1210 397 1250 quae
421 1198 506 1239 sint
529 1200 576 1239 in
598 1199 773 1241 naturis
797 1199 1031 1249 hominum,
1055 1199 1207 1252 agitur.
1264 1199 1353 1241 Has
1378 1212 1550 1253 quoque
1573 1212 1668 1242 esse
1691 1199 1960 1251 conceditur;

285 1284 382 1314 cum
427 1275 570 1314 autem
616 1273 901 1316 conclusisset
946 1272 1214 1328 Chrysippus
1260 1286 1333 1316 eas
1379 1286 1434 1316 ex
1478 1274 1775 1317 differentibus
1821 1274 1961 1317 causis

283 1351 409 1390 natas
459 1349 618 1405 esse,¹)
670 1362 766 1391 eum
816 1363 967 1405 parum
1017 1349 1200 1403 vidisse,
1251 1363 1337 1404 qua
1386 1350 1440 1392 de
1489 1363 1537 1393 re
1586 1353 1787 1406 ageretur
1831 1353 1874 1393 et
1916 1350 1962 1392 in

285 1437 369 1478 quo
415 1436 548 1467 causa
592 1425 864 1468 consisteret:
909 1438 998 1468 non
1040 1425 1332 1469 immutabiles
1375 1426 1477 1469 illas
1522 1438 1633 1479 esse3
1679 1426 1796 1469 vinci
1834 1439 1962 1482 posse

287 1512 447 1543 causas
490 1501 739 1554 naturales,
791 1513 884 1544 esse
935 1501 1100 1556 aliquid
1151 1502 1195 1543 in
1241 1504 1455 1557 potestate
1500 1504 1664 1555 nostra,
1711 1503 1961 1545 voluntates

284 1580 455 1619 nostras
511 1578 887 1633 appetitionesque
942 1578 1021 1620 illa
1071 1578 1314 1622 conexione
1366 1591 1591 1620 causarum
1640 1578 1804 1621 liberas
1855 1591 1961 1621 esse.

286 1651 412 1703 Quod
472 1657 702 1707 postquam
761 1652 1053 1707 compluribus
1108 1653 1460 1707 gravissimorum
1509 1653 1699 1695 virorum
1751 1653 1985 1708 exemplis

285 1729 601 1784 comprobavit,
663 1728 776 1771 hanc
829 1729 1010 1783 primam
1067 1728 1374 1783 disputationis
1429 1730 1598 1784 partem
1654 1741 1751 1771 cum
1806 1728 1961 1772 ardore

283 1804 471 1859 quodam
522 1805 584 1847 sic
634 1805 857 1848 concludit
903 1804 1064 1861 (§11):
1116 1804 1205 1848 Sed
1249 1805 1354 1848 haec
1399 1817 1448 1847 ezr
1491 1805 1773 1848 naturalibus
1818 1806 1962 1848 causis

281 1882 390 1922 vitia
422 1883 551 1923 nasei
573 1884 778 1934 possunt,
814 1882 1047 1933 exstirpari
1081 1884 1227 1923 autem
1262 1884 1304 1922 et
1334 1881 1539 1934 funditus
1577 1881 1685 1933 tolli,
1718 1883 1770 1922 ut
1797 1882 1835 1923 is
1857 1882 1961 1934 ipse,

283 1958 359 2010 qui
393 1957 453 1999 ad
487 1970 538 1999 ea
562 1969 811 2011 propensus
843 1958 997 2011 fuerit,
1045 1970 1071 1999 a
1110 1958 1246 2000 tantis
1279 1958 1397 1999 vitiis
1433 1959 1653 2008 avocetur,
1696 1969 1787 1999 non
1821 1959 1886 1999 est
1916 1956 1964 1999 id

279 2034 470 2086 positum
504 2035 552 2075 in
580 2033 863 2076 naturalibus
887 2034 1045 2084 causis,
1079 2034 1158 2076 sed
1181 2034 1226 2075 in
1248 2034 1487 2083 voluntate,
1522 2033 1680 2083 studio,
1716 2033 1961 2086 disciplina.

281 2109 387 2153 Cum
422 2110 534 2152 enim
568 2109 858 2165 philosophus
892 2113 1040 2153 noster
1074 2122 1316 2163 anonymus
1351 2108 1406 2151 ad
1435 2108 1549 2151 hanc
1573 2109 1808 2151 voluntatis
1831 2108 1962 2151 liber-

279 2189 411 2229 tatem
456 2187 609 2230 iterum
654 2190 785 2241 atquc
819 2187 974 2229 iterum
1009 2185 1214 2241 refugiat,
1261 2185 1375 2228 hanc
1409 2185 1490 2228 sibi
1524 2199 1549 2227 a
1581 2185 1798 2241 principio
1832 2198 1961 2240 quam

279 2262 519 2305 firmissime
565 2263 870 2305 stabiliendam
917 2276 1011 2305 esse
1058 2262 1244 2304 debebat
1290 2262 1548 2304 existimare.
1626 2262 1689 2303 Eo
1734 2260 1961 2303 manifesto

280 2342 449 2394 spectat
483 2342 526 2382 et
560 2339 705 2382 fervor
740 2340 951 2395 copiaque
985 2340 1216 2382 verborum
1252 2340 1294 2381 et
1327 2339 1521 2393 gravitas
1556 2338 1865 2393 exemplorum.

409 2415 489 2458 Ad
524 2429 690 2458 mores
725 2415 835 2458 haec
868 2416 1086 2471 pertinere
1121 2416 1297 2470 planum
1335 2417 1416 2456 est:
1452 2427 1556 2468 ergo
1590 2415 1634 2455 in
1656 2412 1771 2455 hanc
1792 2415 1962 2468 partem

280 2492 549 2547 prospiciunt
598 2492 756 2547 prima,
807 2505 917 2546 quae
971 2491 1023 2533 de
1070 2491 1290 2546 prooemio
1337 2491 1595 2533 conservata
1642 2490 1759 2542 sunt,
1809 2488 1961 2532 verba:

283 2570 388 2621 quia
423 2570 619 2622 pertinet
663 2568 729 2610 ad
770 2580 955 2617 mores,
994 2568 1129 2620 quod
1171 2558 1317 2627 ἦθος
1362 2566 1452 2607 illi
1492 2567 1701 2615 vocant,·
1745 2577 1825 2607 nos
1867 2577 1962 2607 eam

273 2648 450 2699 partem
489 2645 799 2698 philosophiae
851 2644 902 2686 de
947 2644 1139 2686 moribus
1190 2643 1412 2696 appellare
1461 2642 1667 2692 solemus,
1718 2641 1795 2684 sed
1845 2641 1965 2685 decet

287 2721 485 2775 linquam
518 2719 735 2762 Latina-m
770 2722 1000 2773 auyentem
1032 2720 1262 2761 nominare
1294 2718 1518 2761 moralem.

410 2795 710 2838 Schmekelius
733 2795 847 2837 hanc
869 2796 1051 2849 primam
1074 2798 1253 2849 partem,
1278 2807 1463 2848 quacum
1487 2795 1668 2836 alteram
1691 2793 1762 2849 (ἐξ
1790 2794 1843 2835 11
1866 2806 1961 2848 sqq.

280 2872 435 2930 —20)
484 2872 723 2926 coniunxit,
775 2872 942 2916 censuit
991 2871 1047 2915 ad
1097 2871 1376 2927 astrologiam
1420 2872 1633 2927 spectare.
1709 2870 1777 2914 De
1821 2870 1963 2914 altera

281 2951 405 2994 brevi
438 2953 537 3006 post
569 2951 802 3005 inquiram:
848 2950 891 2992 in
926 2950 1026 3003 hac,
1072 2962 1202 3004 quam
1235 2949 1615 3005 pertractavimus,
1656 2961 1787 2991 unum
1818 2948 1962 2990 inesse

280 3027 455 3070 videtur
488 3027 609 3070 illius
643 3027 886 3069 sententiae
922 3026 1240 3079 documentum,
1275 3024 1392 3080 quod
1415 3024 1558 3068 adhuc
1581 3023 1963 3080 praetermisimus.

280 3103 332 3145 In
376 3102 455 3159 §8
500 3103 614 3145 enim
658 3102 895 3145 invenitur:
940 3105 993 3144 ut
1033 3103 1170 3157 iyitur
1214 3101 1275 3144 ad
1319 3101 1535 3155 quasdam
1574 3113 1644 3144 res
1676 3101 1844 3142 natura
1882 3097 1965 3140 loci

411 3214 440 3264 ¹)
470 3213 638 3255 Subest:
667 3225 765 3264 ergo
793 3212 877 3253 fato
906 3223 975 3253 eas
1004 3212 1125 3253 effici.
