2311 3772
363 278 391 319 8

362 416 418 459 ad
452 417 641 472 priorem
676 421 851 473 praeter
874 420 1153 464 Posidonium
1177 419 1409 475 Chrysippi
1432 419 1485 463 de
1510 422 1687 465 somniis
1712 424 1754 465 et
1777 422 1831 466 de
1854 422 2043 466 oraculis

362 493 500 536 libros
542 496 601 549 et,
646 497 694 537 ut
727 495 835 538 mihi
869 496 1043 552 quidem
1077 510 1327 552 persuasum
1362 499 1437 549 est,
1473 496 1669 553 Cratippi
1704 500 1863 553 opus.¹)
1929 499 2042 543 Satis

362 570 494 624 igitur
540 574 739 626 apertum
784 576 866 626 est,
913 576 1120 628 quantum
1161 572 1290 615 studii
1324 575 1366 615 et
1399 585 1558 628 operae
1593 572 1743 615 Cicero
1777 573 1879 616 huic
1913 588 2042 630 quae·

363 645 494 688 stioni
540 645 722 690 dederit.
799 649 893 691 Hoc
942 652 1082 692 autem
1129 648 1287 702 studio,
1334 649 1538 703 quoniam
1583 647 1840 691 Posidonius
1884 663 1910 690 a
1953 649 2041 693 fato

365 734 536 764 omnem
582 724 669 765 vim
713 725 1009 778 rationemque
1044 724 1269 767 divinandi
1302 725 1566 779 repetiverat
1600 724 1672 779 (de
1707 724 1791 767 div.
1814 725 1835 766 I
1868 721 1894 782 ξ
1923 724 2041 779 125),

364 797 569 840 incitatus
606 800 846 853 constituit,
882 800 1035 842 eadem
1068 801 1235 842 ratione
1271 803 1399 854 atque
1435 800 1489 843 de
1524 801 1788 843 divinatione
1824 800 1953 843 etiam
1988 799 2041 843 de

365 872 456 915 fato
493 875 541 915 in
574 877 805 927 utramque
829 879 1007 928 partem
1030 879 1291 929 perpetuam
1326 877 1540 929 explicare
1574 877 1814 918 orationem
1847 875 1920 929 (de
1954 874 2042 917 fato

366 948 389 1003 ξ
419 948 475 1004 1).
543 949 593 991 Id
626 950 766 1004 ipsum
802 950 1057 994 Ciceronem
1093 952 1138 992 in
1172 952 1313 993 animo
1348 951 1550 994 habuisse
1583 951 1684 993 inde
1719 952 1894 1006 colligo,
1928 950 2043 1005 quod

368 1023 421 1067 de
456 1024 586 1069 div.I
620 1025 642 1081 ξ
671 1026 772 1079 127,
806 1026 880 1069 ubi
903 1026 1143 1070 Stoicorum
1178 1027 1362 1070 refertur
1388 1028 1613 1081 sententia,
1648 1027 1821 1070 dicitur:
1947 1040 2043 1070 omn

366 1102 464 1154 fato
514 1104 662 1144 omnia
704 1103 835 1155 fiant,
881 1103 936 1145 id
979 1104 1115 1156 qnod
1157 1105 1265 1146 alio
1314 1106 1423 1147 loco
1470 1105 1882 1147 ostendetur
1947 1105 2042 1147 Hoc

366 1177 441 1218 vix
486 1178 617 1220 aliter
661 1178 860 1231 intellegi
903 1181 1047 1232 potest
1091 1182 1220 1232 atque
1262 1180 1343 1221 sic:
1388 1193 1473 1222 uno
1508 1183 1597 1221 tum
1630 1180 1742 1221 libro
1778 1179 2044 1233 Ciceronem,

367 1252 581 1305 quomodo
632 1252 766 1294 Stoici
822 1252 1169 1295 demonstrarent
1225 1255 1367 1296 omnia
1418 1254 1508 1297 fato
1558 1254 1670 1307 fieri,
1726 1255 1919 1297 voluisse
1969 1269 2042 1297 ex-

364 1340 539 1382 ponere.
622 1328 673 1369 In
729 1328 921 1370 secundo
974 1328 1132 1371 deinde
1181 1330 1293 1372 libro
1345 1331 1383 1372 ei
1433 1330 1741 1385 opponendum
1791 1334 1902 1383 erat,
1958 1344 2043 1385 qua

364 1404 531 1445 ratione
576 1404 832 1446 Academici
880 1404 925 1446 id
974 1408 1186 1459 negarent
1237 1409 1278 1447 et
1322 1405 1579 1448 refutarent:
1629 1408 1674 1448 in
1718 1406 1832 1449 hanc
1876 1410 2042 1461 partem

365 1480 576 1534 prospicit
611 1479 664 1521 de
700 1480 784 1522 div.
809 1481 851 1522 II
885 1480 907 1536 ξ
935 1481 1010 1522 19;
1047 1481 1165 1523 anile
1198 1494 1305 1524 sanc
1340 1485 1382 1524 et
1403 1483 1589 1535 plenum
1612 1483 1933 1536 superstitionis
1954 1483 2046 1537 fati

366 1590 552 1639 exceptis
593 1601 689 1629 sane
730 1591 881 1630 Latinis
923 1591 1118 1641 exemplis
1159 1614 1226 1641 —‚
1269 1596 1309 1631 et
1350 1603 1435 1642 eas,
1478 1592 1626 1642 quibus
1665 1592 1838 1632 subsunt
1877 1592 2043 1643 quidem

365 1653 590 1691 sententiae
611 1653 839 1703 Carneadis,
868 1654 942 1692 sed
961 1654 1027 1704 ita,
1054 1658 1099 1692 ut
1119 1666 1142 1693 a
1162 1655 1354 1694 Cicerone
1372 1656 1461 1705 ipso
1482 1654 1705 1705 dispositae
1726 1660 1766 1695 et
1786 1667 1835 1694 ex
1853 1656 2043 1695 memoria

363 1716 469 1754 sicut
500 1716 540 1753 in
567 1716 789 1765 prooemiis
818 1716 947 1766 (velut
974 1716 993 1755 I
1022 1716 1045 1767 ξ
1069 1721 1082 1755 1
1102 1719 1210 1767 sqq.)
1237 1718 1403 1767 proprio
1431 1718 1594 1757 arbitrio
1622 1721 1838 1768 usurpatae
1867 1722 1909 1758 et
1935 1730 2043 1757 com-

361 1779 520 1827 positae
548 1779 646 1828 sint;
673 1779 716 1817 id
745 1788 892 1818 censeo
921 1780 974 1818 de
1003 1779 1052 1830 ἓξ
1075 1784 1235 1830 26-87,
1265 1784 1452 1831 97-109,
1485 1785 1693 1820 135-142,

491 1843 521 1891 ¹)
552 1843 820 1893 Chrysippi
861 1855 1001 1883 eorum
1041 1844 1252 1893 librorum,
1294 1855 1398 1894 quos
1437 1846 1764 1894 commemoravi,
1806 1846 2042 1886 Ciceronem

363 1907 562 1955 quaedam
600 1907 748 1956 legisse
784 1908 1015 1946 testimonia
1043 1911 1137 1946 sunt
1164 1908 1183 1946 I
1212 1907 1300 1958 §37
1332 1913 1372 1947 et
1400 1908 1509 1957 §39‚
1549 1908 1588 1947 II
1616 1908 1638 1959 ξ
1663 1912 1732 1948 134
1761 1913 1802 1948 et
1828 1909 1851 1959 ξ
1875 1913 1944 1948 144
1973 1909 2042 1959 (de

360 1970 473 2008 libris
508 1971 594 2009 eius
623 1971 673 2009 de
702 1971 949 2010 divinatione
979 1971 1140 2010 duobus
1166 1972 1317 2010 nullum
1345 1973 1538 2011 iudicium
1565 1977 1727 2022 praesto
1758 1974 1853 2023 est):
1889 1976 1930 2012 at
1956 1974 2043 2012 veri

361 2033 604 2071 simillimum
639 2038 758 2083 puto,
796 2045 899 2083 quae
934 2034 1030 2073 inde
1064 2046 1087 2073 a
1121 2034 1212 2084 §39
1249 2035 1470 2074 afferuntur
1503 2035 1689 2085 exempla
1723 2036 1895 2083 Graeca,
1932 2040 2043 2075 certe

361 2095 555 2145 pleraque
595 2108 677 2135 non
720 2108 770 2134 ex
811 2097 1042 2147 Chrysippo
1083 2098 1173 2147 ipso
1215 2098 1288 2136 sed
1331 2110 1380 2136 ex
1421 2098 1661 2148 Cratippo
1698 2099 2041 2148 Peripatetico

361 2159 398 2209 (Ι
427 2160 449 2210 ξ
471 2161 510 2209 5)
545 2159 755 2209 descripta
789 2172 889 2201 esse.
946 2161 1000 2200 Ut
1026 2161 1066 2199 in
1095 2172 1143 2200 ea
1169 2173 1212 2200 re
1239 2162 1437 2200 assentiar
1464 2162 1632 2212 Hoyero
1661 2162 1780 2212 (Mus.
1799 2162 1928 2202 Rhen.
1949 2162 2043 2201 LIII

366 2226 459 2262 1898
487 2236 526 2272 p.
543 2224 622 2273 56),
650 2223 835 2262 adducor
861 2224 1032 2273 primum
1060 2224 1110 2274 ἓξ
1131 2227 1177 2262 70
1193 2236 1265 2274 sq„
1296 2235 1396 2274 quas
1426 2236 1475 2263 ex
1501 2225 1685 2275 epistulis
1703 2229 1772 2264 aut
1790 2225 2043 2265 sermonibus

361 2299 452 2325 cum
471 2287 664 2336 Cratippo
693 2287 841 2326 habitis
860 2287 1097 2327 Ciceronem
1116 2288 1347 2327 memoriter
1365 2288 1594 2328 adiunxisse
1616 2289 1802 2339 (Schiche
1825 2288 1850 2328 l.
1867 2301 1900 2328 c.
1921 2302 1960 2339 p.
1977 2291 2041 2339 24)

360 2350 515 2388 tamdiu
542 2361 623 2388 non
657 2361 825 2398 possum
853 2351 1051 2399 accipere,
1080 2363 1200 2400 quam
1228 2351 1325 2389 licet
1349 2351 1504 2400 opinari
1523 2352 1761 2390 Ciceronem
1780 2351 1884 2390 libro
1904 2352 1953 2391 ab
1973 2352 2042 2391 illo

362 2413 591 2462 conscripto
612 2424 730 2451 usum
751 2425 852 2463 esse,
877 2417 962 2452 tum
981 2426 1183 2453 consensu
1201 2414 1428 2464 partitionis
1446 2415 1486 2453 in
1506 2415 1529 2465 ξ
1546 2419 1566 2452 5
1588 2415 1640 2453 de
1659 2415 1850 2465 Cratippo
1870 2415 2042 2454 traditae

363 2489 453 2515 cum
491 2477 581 2527 §34
621 2477 773 2527 verbis,
809 2489 915 2526 quae
952 2478 1120 2517 eandem
1156 2490 1251 2527 prae
1287 2490 1331 2517 se
1359 2478 1513 2517 ferunt:
1648 2478 1753 2527 quod
1786 2481 1829 2517 et
1861 2478 2042 2517 somni-

362 2539 564 2578 antibus
614 2552 730 2589 saepe
780 2540 984 2590 continyz't
1029 2543 1071 2578 et
1116 2553 1198 2579 non
1242 2553 1462 2590 numquam
1506 2540 1917 2579 vaticinantibus
1953 2553 2044 2591 per

361 2603 579 2653 furorem
613 2607 735 2653 atque
769 2616 861 2643 cum
890 2603 976 2653 §71
1010 2603 1089 2643 his:
1200 2604 1396 2657 expositis
1425 2603 1618 2655 exemplis
1646 2616 1872 2643 verarum
1899 2604 2042 2644 vatici-

362 2667 577 2705 nationum
613 2673 653 2707 et
687 2668 956 2707 somniorum:
994 2668 1142 2718 quibus
1178 2668 1314 2708 verbis
1349 2669 1465 2718 quasi
1499 2668 1854 2718 comprehenditur
1882 2672 1922 2708 et
1949 2682 2043 2708 con-

363 2730 538 2770 cluditur
574 2743 621 2770 ea
654 2731 746 2771 libri
773 2743 886 2782 pars,
921 2744 1001 2782 qua
1028 2732 1078 2784 ἐξ
1100 2735 1145 2772 39
1161 2745 1251 2783 sqq.
1279 2744 1502 2772 verorum
1528 2732 1829 2772 somniorum
1856 2733 2044 2784 exempla

364 2798 617 2842 exponuntur
645 2818 691 2822 —-
720 2807 825 2844 quae
862 2808 958 2834 vera
995 2797 1242 2835 existimavit
1279 2800 1320 2835 et
1354 2800 1521 2845 propter
1556 2797 1836 2836 auctoritatem
1863 2798 2042 2836 virorum

363 2855 617 2905 gravissima,
654 2869 703 2896 ex
731 2857 961 2909 Chrysippo
1000 2858 1175 2910 elegisse
1211 2858 1392 2909 videtur,
1429 2869 1510 2897 non
1539 2859 1671 2899 omnia
1698 2859 1920 2900 credidisse
1945 2870 2044 2900 vera

363 2918 433 2967 (cf.
454 2919 477 2968 ξ
498 2921 562 2966 39)
591 2943 649 2969 —‚
684 2920 733 2971 ἐξ
754 2926 902 2960 65-66
930 2922 1076 2971 furor
1103 2922 1302 2970 definitur,
1332 2922 1384 2961 de
1413 2934 1494 2972 quo
1521 2928 1668 2972 postea
1696 2923 1745 2974 §g
1766 2927 1813 2962 80
1829 2935 1918 2974 sqq.
1945 2935 2043 2962 non-

362 2980 472 3019 nulla
507 2981 776 3031 disseruntur,
812 2995 908 3022 sane
943 2984 1191 3033 perturbate.
1244 2985 1432 3034 Denique
1469 2985 1598 3024 omnis
1635 2987 1736 3025 ratio
1772 2986 1890 3025 huius
1917 2985 2044 3034 partis

363 3044 680 3094 Peripateticum
697 3046 846 3095 passim
860 3058 1004 3096 sapere
1018 3047 1193 3098 videtur,
1214 3048 1328 3088 velut
1344 3047 1392 3099 ἐξ
1403 3051 1451 3087 46
1462 3059 1565 3099 sqq,
1585 3052 1747 3100 52-54,
1768 3052 1900 3098 60sq.‚
1923 3051 1968 3087 80
1982 3059 2042 3097 sq.

491 3108 763 3147 Posidonio
801 3113 935 3148 autem
971 3111 1211 3151 tribuendae
1247 3115 1342 3151 sunt
1377 3112 1426 3163 ἐξ
1447 3115 1609 3151 63-64
1645 3112 1731 3160 (ubi
1766 3124 1918 3151 novum
1951 3123 2044 3150 eum

360 3171 566 3210 introduci
593 3170 852 3210 manifestum
881 3175 960 3222 est,
996 3184 1077 3212 non
1105 3174 1235 3213 minus
1264 3178 1436 3226 certum,
1474 3186 1579 3225 quae
1607 3174 1926 3224 subsequuntur,
1963 3182 2043 3214 non

360 3235 440 3274 iam
469 3234 653 3275 eiusdem
682 3236 802 3285 esse),
833 3239 1019 3286 87—131‚
1047 3236 1088 3274 II
1115 3236 1165 3287 ἐξ
1186 3241 1348 3277 33-34.
