2311 3772
391 249 451 293 28

389 382 556 424 morato
600 381 816 438 pergitur:
863 379 931 427 At
970 397 1066 428 cam
1098 383 1145 426 in
1176 379 1333 425 Aiacis
1365 381 1515 424 navim
1549 382 1861 437 crispisulcans
1893 385 2067 441 iynewm

388 459 562 512 fulmen
594 461 802 503 iniectum
837 464 911 512 est,
946 462 1248 513 inflammatur
1278 460 1406 502 navis
1435 461 1693 501 necessario.
1748 461 1887 504 Nemo
1910 461 2067 505 infitias

389 534 468 576 ibit
493 535 708 578 Graecum
743 538 992 592 exemplum
1026 536 1153 579 fontis
1178 536 1333 580 Graeci
1361 534 1566 577 indicium
1591 547 1707 587 esse3
1742 538 1873 590 atque
1897 538 1971 592 qui
1993 538 2067 591 sic,

389 614 437 652 ut
472 624 522 654 eo
556 612 656 654 loco
690 611 748 667 fit,
782 625 934 655 causas
968 612 1182 665 tractavit,
1217 612 1258 654 ei
1291 612 1370 654 tali
1400 623 1571 665 quoque
1595 611 1797 665 exemplo
1822 623 1930 666 opus
1954 615 2065 656 erat:

390 685 505 730 idem
551 699 676 741 vero,
723 701 818 731 cum
860 688 1061 732 Ciceroni
1105 687 1324 732 videretur
1369 701 1465 731 cum
1508 686 1711 742 reliquis,
1759 699 1871 742 quae
1916 689 2066 730 nostro

392 766 600 805 contextu
646 763 879 817 docentur,
925 766 1039 807 male
1086 764 1344 817 convenire,
1391 765 1436 805 in
1477 764 1591 806 libro
1637 762 1691 805 de
1735 762 1824 805 fato
1869 762 2066 805 omittere

393 839 625 882 constituit.
691 839 826 883 Nobis
872 843 1015 883 autem
1059 839 1160 883 inde
1201 839 1499 896 colligendum
1539 841 1604 882 est
1643 839 1893 884 Ciceronem
1933 838 2066 881 alium

391 914 596 959 habuisse
629 915 801 970 librum,
836 916 951 959 unde
986 917 1099 962 hanc
1135 930 1361 960 causarum
1395 916 1685 960 definit-ionem
1714 917 1895 959 afferret.
1940 914 2066 967 Quod

392 1004 496 1034 vero
532 991 586 1033 de
620 994 767 1034 nostro
800 993 900 1034 loco
936 992 1122 1045 conicio,
1164 1005 1215 1034 eo
1249 992 1516 1046 probabilius
1548 991 1612 1045 fit,
1647 992 1683 1034 si
1715 993 1793 1034 ille
1827 991 2066 1047 topicorum

391 1068 516 1109 locus
567 1080 589 1109 e
640 1067 847 1110 memoria
862 1066 893 1124 1)
931 1067 1223 1122 conscriptus
1279 1070 1343 1110 est
1393 1068 1614 1122 (quoniam
1663 1067 1765 1110 inde
1815 1069 2067 1122 sequeretur

391 1142 591 1186 Ciceroni
652 1143 812 1198 optime
873 1145 1019 1185 notam
1080 1141 1211 1185 fuisse
1265 1141 1379 1186 hanc
1436 1142 1758 1199 definitionem).
1844 1143 1962 1198 Ergo
2016 1143 2067 1185 in

390 1218 751 1273 disputatione
816 1218 1124 1273 philosophi
1186 1218 1351 1260 nostri
1412 1217 1465 1260 de
1527 1218 1616 1261 fato
1677 1219 1874 1261 instituta
1933 1218 2066 1262 hanc

390 1306 655 1337 causarum
701 1292 1070 1336 definitionem
1114 1307 1214 1336 non
1257 1292 1421 1336 fuisse
1462 1307 1713 1347 persuasum
1754 1293 1906 1337 habeo.

515 1369 688 1421 Restat,
732 1370 779 1410 ut
823 1366 877 1410 de
912 1367 961 1423 ἐξ
986 1368 1044 1409 37
1081 1370 1123 1410 et
1159 1368 1217 1410 38
1264 1366 1474 1411 addamus
1517 1367 1583 1410 his
1623 1367 1680 1411 ad
1713 1367 1840 1411 finem
1873 1368 2066 1424 perduci,

388 1457 517 1498 quam
577 1444 750 1498 saepius
806 1444 1142 1498 explicavimus,
1203 1443 1454 1498 philosophi
1509 1444 1645 1486 nostri
1695 1443 2065 1499 disceptationem.

387 1521 652 1575 Propulsato
694 1520 1018 1575 exspectatione
1060 1520 1201 1562 acrius
1235 1520 1422 1575 Epicuro
1457 1523 1548 1562 tota
1581 1519 1689 1563 haec
1722 1533 1824 1575 pars
1857 1521 1938 1563 illa
1971 1521 2066 1576 ipsa

389 1595 706 1651 disceptatione
752 1594 1028 1638 concluditur
1067 1594 1108 1650 (ξ
1134 1596 1229 1650 38):
1278 1595 1560 1639 Tencbitiir
1599 1596 1735 1650 iqitar
1772 1595 1836 1647 id,
1883 1596 2000 1649 quod
2038 1610 2066 1639 a

391 1671 636 1725 Chrysippo
669 1672 929 1725 defenditur,
966 1685 1134 1713 omnem
1158 1673 1502 1714 enuntiationem
1527 1675 1606 1714 aut
1626 1684 1773 1714 veram
1797 1675 1877 1714 aut
1896 1673 2066 1725 falsam

389 1760 499 1800 cssc3
544 1749 661 1790 ratio
695 1748 795 1801 ipsa
830 1749 953 1802 coyet
986 1749 1034 1789 et
1067 1759 1122 1789 ex
1157 1748 1479 1790 aeternitate
1514 1746 1770 1800 quaedam
1805 1760 1914 1791 6336
1946 1760 2067 1791 vera

387 1826 435 1865 et
468 1836 526 1865 ea
558 1836 661 1865 non
697 1835 806 1866 esse
838 1836 971 1865 nexa
1007 1824 1183 1865 causis
1219 1824 1450 1865 aeternis
1485 1825 1533 1865 et
1563 1836 1591 1864 a
1613 1823 1723 1876 fati
1743 1824 2066 1866 necessitate

387 1911 498 1943 esse
535 1900 715 1942 libera.

514 1974 584 2018 Sic
624 1974 911 2031 philosophus
945 1975 1062 2030 ipse,
1098 1988 1208 2030 quae
1243 1975 1430 2018 voluerit
1464 1974 1772 2029 demonstrare,
1805 1975 1990 2031 partitur
2024 1977 2067 2019 et

386 2051 736 2107 comprehendit;
782 2064 861 2094 nos
901 2051 1035 2094 hanc
1077 2053 1186 2094 eius
1229 2052 1447 2094 alteram
1487 2054 1686 2107 partem
1719 2052 1794 2094 ita
1828 2051 2066 2095 dividere

383 2141 630 2183 possumus,
676 2131 722 2170 ut
765 2129 942 2183 priore
988 2141 1124 2181 usque
1165 2127 1220 2169 ad
1263 2125 1372 2185 §25
1416 2129 1589 2170 omnino
1624 2130 1763 2170 motus
1797 2128 2066 2170 voluntarios

385 2204 624 2246 animorum
687 2202 865 2246 defendi
925 2205 1182 2256 statuamus,
1244 2203 1416 2245 altera
1471 2203 1670 2257 longiore
1726 2205 1767 2246 et
1822 2201 2066 2247 difficiliore

384 2279 451 2335 (ἐξ
481 2279 684 2332 13-14,
723 2279 926 2332 17—19,
964 2279 1164 2332 28-33‚
1201 2279 1272 2331 34,
1309 2279 1513 2332 36—38)
1548 2279 1675 2321 simul
1710 2279 1895 2322 obtineri
1929 2278 2065 2334 Chry-

384 2355 499 2410 sippi
545 2354 598 2397 de
643 2354 1012 2397 enuntiationibus
1056 2355 1312 2398 sententiam
1347 2352 1414 2413 (ἓξ
1445 2354 1647 2408 13-14,
1684 2354 1890 2411 17—18)
1924 2357 1966 2398 et
1998 2368 2065 2399 re-

384 2430 553 2485 pudiari
614 2431 915 2473 aeternitatem
971 2444 1197 2474 causarum
1253 2431 1344 2473 sive
1399 2431 1702 2473 necessitatem
1758 2430 1837 2472 fati
1892 2432 1961 2484 (ἓξ
1997 2431 2066 2484 19,

386 2506 605 2561 28-38).
669 2507 720 2548 In
762 2508 945 2561 utraque
990 2509 1133 2549 autem
1177 2519 1386 2549 summam
1421 2505 1669 2549 Carneades
1708 2505 1842 2548 habet
1881 2505 2063 2548 auctori-

385 2585 536 2634 tatem,
588 2583 662 2636 qui
709 2583 835 2636 quasi
878 2582 1019 2625 socius
1066 2581 1121 2623 ad
1167 2581 1478 2624 decertandum
1522 2581 1777 2635 advocatur,
1822 2581 1966 2637 priore
2009 2580 2066 2624 ad

387 2657 687 2700 defendendos
733 2660 872 2700 motus
916 2657 1207 2710 voluntarios,
1253 2657 1492 2712 posteriore
1537 2656 1593 2699 ad
1636 2655 1878 2701 reiciendas
1914 2669 2064 2701 causas

387 2736 599 2776 aeternas.

513 2858 575 2916 §5
599 2860 788 2903 39—45
830 2859 885 2902 ad
926 2873 1067 2903 mores
1106 2861 1323 2916 pertinere
1359 2861 1525 2904 censuit
1557 2860 1859 2905 Schmekelius
1893 2862 1951 2917 (p.
1974 2862 2063 2903 166

386 2938 429 2978 et
468 2936 555 2978 180
574 2936 667 2992 sq).
736 2935 820 2980 Sed
864 2939 1096 2992 postquam
1135 2937 1319 2993 primam
1359 2939 1527 2992 partem
1562 2951 1613 2981 eo
1648 2940 1844 2994 spectare
1877 2937 2062 2980 vidimus

518 3074 546 3122 ¹)
574 3072 633 3112 Cf.
653 3076 737 3122 top.
767 3072 852 3124 §52
890 3072 941 3112 de
975 3073 1052 3112 hac
1086 3077 1202 3123 parte
1237 3073 1303 3125 (ἐξ
1324 3077 1371 3113 58
1386 3074 1495 3124 sqq.)
1525 3073 1715 3124 equidem
1741 3073 1784 3112 id
1812 3070 2063 3120 crediderim,

386 3147 466 3173 non
503 3136 634 3174 minus
672 3136 723 3175 de
751 3135 800 3187 ἐξ
821 3139 970 3176 34-36
1007 3136 1099 3176 libri
1135 3137 1262 3176 nostri
1290 3137 1342 3176 de
1370 3137 1476 3187 fato,
1503 3137 1684 3188 ipsorum
1712 3136 1854 3176 horum
1880 3135 2062 3174 locorum

387 3203 427 3237 et
454 3197 718 3239 similitudine
747 3202 788 3239 et
815 3199 1142 3240 dissimilitudine
1171 3203 1409 3241 commotus.
