2311 3772
363 287 421 333 18

355 419 528 462 tertiam
563 418 840 475 reponendae
875 420 973 461 sunt
1007 418 1079 460 aut
1112 414 1261 470 aliquo
1296 410 1422 456 modo
1458 424 1554 456 cum
1577 407 2034 469 illa'coniungenda03

359 498 523 538 certum
558 498 624 538 est
658 508 731 538 eas
765 495 814 551 ἕξ
835 496 889 536 21
925 497 967 537 et
1001 494 1058 535 22
1093 505 1180 534 non
1215 490 1373 533 debere
1406 487 1679 533 antecedere.
1740 489 1873 532 Miror
1906 488 2033 544 quod,

357 572 506 614 nescio
541 584 627 626 qua
659 572 838 625 ratione,
873 584 968 613 cum
1002 569 1084 611 hac
1119 566 1333 610 sententia
1366 564 1471 607 ordo
1501 563 1709 619 prooemii
1731 563 1878 605 libelli
1899 564 2032 608 nostri

357 646 399 702 (ξ
424 647 467 700 1)
503 647 720 699 convenit,
754 646 829 687 ubi
859 645 968 688 haec
1001 641 1114 701 περὶ
1151 640 1381 687 δυνατῶν
1406 639 1600 696 quaestio
1623 640 1721 693 post
1744 649 1837 679 eam
1863 637 2032 681 demum

358 725 634 766 enumeratur
666 725 846 778 partem,
881 735 967 776 qua
1001 734 1047 764 se
1074 721 1161 762 vim
1182 720 1480 771 rationemque
1503 714 1887 764 enumerationum,
1923 725 2034 766 quas

361 797 523 841 Graeci
555 789 808 857 ἀξιώματα
840 800 1003 848 vocent,
1038 796 1247 852 promittit
1280 796 1594 849 explicaturum
1628 804 1729 835 esse.

485 875 654 929 Restat,
699 877 747 916 ut
787 885 1063 928 quaeramus,
1106 885 1182 914 cur
1216 872 1366 915 Cicero
1401 870 1597 913 ordinem
1630 867 1759 912 fontis
1792 865 2033 910 mutaverit.

357 951 460 994 Sine
495 950 625 993 dubio
661 963 712 993 eo
748 949 1002 992 disturbavit
1036 951 1079 992 et
1112 947 1370 1003 depravavit
1403 945 1819 1001 argumentationem
1847 941 2034 985 auctoris

357 1026 459 1067 libri
500 1026 610 1078 eius,
656 1038 740 1079 quo
781 1025 995 1067 utebatur.
1060 1024 1178 1066 Luce
1217 1023 1378 1065 clarius
1419 1024 1484 1064 est
1521 1034 1617 1064 eum
1651 1019 1763 1062 nihil
1794 1018 1924 1061 fuisse
1956 1017 2034 1059 im-

358 1104 636 1154 mutaturum,
677 1101 712 1143 si
752 1101 876 1143 illam
912 1100 1217 1155 perspexisset.
1281 1098 1344 1141 At
1377 1095 1570 1141 mutavit.
1635 1096 1818 1140 Causam
1851 1093 2034 1137 fortasse

356 1177 493 1232 ipsius
533 1177 668 1219 verba
702 1175 744 1232 (§
772 1177 814 1230 1)
854 1175 1140 1231 patefaciunt:
1183 1186 1295 1227 quae
1336 1173 1388 1216 de
1425 1185 1473 1215 re
1509 1173 1685 1226 futura,
1728 1184 1824 1213 cum
1864 1169 2037 1223 aliquid

357 1254 524 1302 dicunt,
571 1253 705 1304 deque
752 1264 818 1301 ec,
865 1250 982 1303 quod
1014 1251 1163 1304 possit
1203 1250 1301 1302 fieri
1343 1251 1423 1291 aut
1460 1260 1552 1289 non
1574 1248 1738 1301 possit,
1784 1258 1916 1299 quarm
1946 1245 2034 1287 vim

356 1328 564 1377 habeant,
611 1328 794 1370 obscura
835 1327 1030 1380 quaestio
1073 1328 1154 1378 est,
1196 1337 1329 1378 quam
1367 1320 1482 1380 περὶ
1517 1320 1749 1368 δυνατῶν
1779 1320 2037 1375 philosophi

357 1404 603 1456 appellant,
653 1406 829 1455 totaque
874 1405 939 1445 est
977 1398 1169 1460 λογική,
1217 1413 1348 1453 quam
1387 1400 1604 1442 rationem
1645 1398 1886 1441 disserendi
1918 1409 2034 1439 voco.

355 1479 462 1521 Inde
497 1479 650 1533 colligi
683 1481 827 1533 potest
851 1478 1091 1530 obscuram,
1127 1489 1254 1530 quam
1279 1477 1419 1528 vocat,
1454 1475 1752 1528 quaestionem
1774 1484 2035 1528 pei-magnas

356 1555 396 1597 ei
435 1554 682 1598 exhibuisse
723 1553 1021 1597 difficultates:
1064 1566 1170 1607 quas
1210 1551 1393 1595 fortasse
1433 1549 1609 1593 facilius
1648 1562 1694 1592 se
1735 1550 2034 1604 superaturum

356 1642 450 1672 esse
485 1629 759 1684 opinabatur,
792 1630 828 1671 si
860 1642 951 1671 rem
984 1641 1063 1684 per
1097 1641 1143 1670 se
1179 1628 1315 1670 solam
1350 1629 1392 1669 et
1414 1639 1468 1668 ex
1492 1626 1589 1667 aliis
1613 1624 1889 1679 argumentis,
1923 1635 2034 1677 quae

354 1706 451 1759 ipsa
484 1703 680 1747 difficilia
713 1706 840 1746 erant
872 1705 1119 1758 perspectu,
1152 1703 1389 1744 resolutam
1422 1703 1641 1743 tractaret.
1707 1698 1792 1741 Sed
1826 1698 1956 1740 etiam
1988 1696 2034 1739 id

355 1781 516 1833 elucet,
557 1780 811 1823 Ciceronem
851 1779 1075 1833 putavisse
1115 1777 1198 1820 hac
1239 1779 1361 1833 parte
1403 1776 1460 1818 de
1497 1788 1551 1818 re
1589 1775 1778 1828 futura
1811 1778 1854 1816 et
1888 1773 1940 1815 de
1974 1785 2034 1823 eo,

355 1856 472 1908 quod
501 1856 647 1908 possit
684 1854 781 1908 fieri
820 1857 900 1896 aut
930 1866 1021 1896 non
1050 1854 1200 1907 possit
1237 1865 1330 1908 per
1369 1864 1422 1895 se
1461 1851 1593 1906 ipsis
1634 1850 1737 1905 agi,
1784 1862 1916 1902 quam
1947 1849 2034 1891 vim

355 1932 573 1973 haberent.
639 1930 733 1973 Hoc
775 1943 920 1973 errore
962 1932 1005 1972 et
1044 1927 1156 1987 §13
1198 1928 1353 1971 ductus
1392 1928 1516 1970 initio
1552 1926 1679 1969 huius
1719 1925 1856 1980 partis
1889 1924 1931 1978 (ξ
1957 1925 2033 1978 11)

353 2006 408 2049 de
449 2006 715 2048 divinatione
755 2005 891 2048 verba
930 2004 1050 2048 facit.
1117 2003 1211 2055 Quo
1253 2003 1380 2046 modo
1421 2015 1527 2045 vero
1561 2001 1671 2045 haec
1705 2000 1902 2054 quaestio
1938 2011 2034 2041 cum

353 2081 646 2136 disputatione
691 2080 745 2123 de
789 2079 879 2122 fato
925 2080 1158 2122 coniuncta
1203 2081 1334 2131 esset,
1379 2091 1468 2120 non
1509 2076 1726 2119 intellexit
1769 2077 1813 2117 et
1853 2074 1937 2117 hac
1980 2073 2034 2116 de

353 2170 485 2200 causa
518 2157 654 2200 licere
688 2156 995 2210 arbitrabatur,
1029 2168 1142 2210 quae
1176 2154 1259 2197 sibi
1292 2154 1461 2208 liberet,
1495 2152 1714 2206 mutare.1)

481 2322 555 2365 Ad
596 2322 766 2364 initium
805 2321 998 2364 tertiae
1039 2319 1141 2362 libri
1182 2318 1318 2362 nostri
1350 2317 1518 2373 partis
1552 2315 1620 2373 (ἐξ
1646 2315 1850 2370 20-38)
1883 2312 2035 2358 referri

351 2401 548 2455 possunt,
582 2411 694 2454 quae
727 2398 771 2440 in
805 2396 882 2454 §4
915 2396 1119 2452 legimus:
1155 2394 1244 2439 Sed
1276 2395 1484 2449 quoniam
1598 2393 1731 2435 hanc
1751 2389 2035 2434 Academi-

355 2489 530 2518 corum
565 2478 749 2517 contra
780 2474 1118 2527 propositum
1153 2471 1468 2525 disputandi
1501 2468 1933 2513 consuetudinem
1965 2468 2031 2508 in-

356 2552 508 2594 dicant
543 2553 582 2593 te
613 2550 855 2603 suscepisse
891 2548 1171 2591 Tusculanae
1204 2547 1542 2600 disputationes,
1578 2556 1776 2599 ponere
1809 2541 2035 2595 aliquid,

356 2627 422 2668 ad
469 2626 608 2678 quod
654 2626 887 2675 audiam,
1048 2623 1160 2664 volo.
1225 2622 1329 2664 Veri
1373 2622 1513 2664 simile
1558 2623 1623 2663 est
1667 2619 1810 2662 statim
1854 2618 2035 2673 primam

355 2702 658 2757 disputationis
699 2703 867 2756 partem
902 2713 928 2741 a
960 2699 1042 2741 tali
1073 2699 1302 2752 proposito
1344 2710 1438 2740 esse
1473 2709 1692 2749 exorsam,
1733 2697 1885 2737 contra
1919 2692 2036 2748 quod

353 2779 398 2820 in
442 2777 492 2833 ἓξ
518 2777 669 2819 7—11
719 2778 957 2832 pugnatur,
1001 2775 1133 2830 idque
1173 2773 1305 2817 fuisse
1347 2772 1540 2816 eiusdem
1575 2770 1710 2825 modi,
1755 2773 1885 2826 atque
1919 2768 2036 2824 quod

354 2854 398 2895 in
432 2853 455 2909 ξ
481 2854 540 2896 20
575 2855 729 2896 exstat.
794 2851 1066 2905 Proponitur
1098 2850 1229 2905 igitur
1264 2848 1498 2904 Chrysippi
1530 2847 1772 2901 conclusio,
1811 2858 1940 2900 quam
1974 2845 2036 2887 sic

485 3040 515 3089 ¹)
569 3039 710 3078 Licere
763 3041 898 3077 autem
952 3036 1136 3076 ordinem
1189 3034 1479 3085 disputationis
1531 3033 1738 3074 adhibitae
1792 3032 2037 3071 commutare

357 3102 592 3142 CIceronem
625 3102 719 3141 ideo
753 3101 1009 3151 potissimum
1043 3100 1230 3150 suspicor
1264 3099 1474 3149 opinatum
1509 3109 1617 3147 esse,
1659 3095 1771 3147 quod
1806 3093 1936 3133 omnis
1968 3090 2037 3131 ad—

356 3165 626 3204 versariorum
663 3164 907 3215 comparatio
945 3164 1122 3214 quodam
1158 3162 1282 3203 modo
1320 3174 1344 3200 a
1372 3161 1587 3213 proposito
1625 3157 1861 3199 ordiebatur
1895 3155 1940 3206 (§
1964 3155 2037 3206 13),

356 3229 399 3268 id
427 3228 539 3279 quod
565 3229 725 3278 signum
752 3228 914 3278 putavit
940 3227 982 3277 (ἓ
1001 3231 1042 3278 4)
1069 3238 1214 3267 novam
1242 3226 1367 3276 incipi
1394 3228 1562 3276 partem.
