2325 3772
400 262 456 304 10

397 389 563 432 dudum
607 390 813 446 diximus)
859 392 1072 436 conclusit
1116 393 1265 447 plures
1307 390 1579 434 intercidisse
1623 393 1818 447 paginas.
1889 394 2076 436 Interest

395 467 585 510 statuere
629 468 816 511 scribam
862 481 1034 524 quoque
1074 467 1234 512 codicis
1266 466 1511 521 Leidensis,
1557 480 1669 522 quae
1703 467 1758 511 de
1791 469 1949 512 lacuna
1981 469 2076 525 ipsa

395 541 513 598 dicit,
548 556 604 586 ex
627 543 676 600 ἐξ
697 544 775 587 5-
794 546 820 587 6
846 545 1096 598 coniecisse,
1118 557 1259 599 neque
1282 545 1425 586 ullum
1449 546 1620 586 exstare
1644 544 1875 599 vestigium
1898 548 2074 599 certum,

396 622 561 673 quanta
594 633 696 675 pars
731 624 805 663 aut
839 624 945 675 quot
976 621 1164 676 paginae
1197 620 1450 664 interierint.
1501 620 1568 662 De
1602 619 1856 674 fragmentis
1889 633 1994 663 vero
2029 622 2076 663 in

397 693 586 739 editione
622 696 668 740 O.
691 696 739 739 F.
758 697 825 739 W.
849 697 1056 740 Muelleri
1091 697 1290 740 collectis
1324 709 1456 753 supra
1488 695 1773 739 iudicavimus
1802 694 1954 738 melius
1978 708 2075 738 esse

397 774 553 827 postea
586 786 810 828 quaerere.

526 886 632 930 Cum
679 887 811 942 igitur
860 887 1161 943 progredimur
1210 888 1266 931 ad
1317 888 1412 944 §5,
1460 889 1506 930 in
1554 888 1692 944 ipsam
1742 886 2075 942 disputationem

397 962 584 1005 mediam
625 964 847 1006 intramus.
912 964 1103 1006 Necesse
1146 964 1317 1007 videtur
1350 977 1445 1007 esse
1479 964 1532 1006 de
1569 964 1849 1019 dispositione
1884 966 1927 1005 et
1960 976 2074 1005 com-

397 1038 615 1092 positione
660 1039 790 1081 totius
829 1039 933 1081 libri
966 1040 1182 1081 nonnulla
1215 1053 1512 1094 praemonere.
1577 1039 1664 1083 Sed
1698 1039 1902 1094 quoniam
1935 1037 1990 1081 de
2024 1051 2076 1081 ea

398 1113 573 1155 omnino
607 1113 698 1155 fere
733 1127 758 1154 a
793 1114 948 1155 ceteris
982 1113 1189 1156 dissentio
1225 1117 1267 1156 et
1301 1126 1408 1168 opus
1443 1117 1507 1156 est
1540 1114 1817 1168 argumentis,
1853 1125 1964 1167 (11136
1994 1126 2074 1167 ego

397 1189 549 1242 sentio,
584 1187 838 1230 confirmare
872 1191 1002 1242 atque
1037 1188 1224 1242 quodam
1259 1188 1386 1231 modo
1411 1190 1609 1242 singulas
1638 1188 1843 1242 deinceps
1867 1187 2076 1243 expedire

397 1261 694 1318 difficultates,
744 1266 967 1319 praestare
1014 1263 1201 1307 arbitror
1247 1277 1300 1306 ea
1345 1266 1510 1306 tantum
1556 1264 1729 1315 afferre,
1779 1276 1891 1319 quae
1936 1263 2075 1319 primo

394 1343 489 1380 visu
539 1342 849 1394 agnoscantur:
906 1340 1121 1394 primam
1171 1339 1474 1395 disputationis
1523 1342 1691 1394 partem
1741 1339 1852 1395 §11
1909 1337 2074 1394 confici,

394 1414 495 1457 inde
550 1428 689 1470 usque
744 1416 801 1458 ad
851 1415 874 1472 ξ
906 1416 965 1457 20
1022 1416 1244 1459 alteram
1291 1416 1528 1471 pertinere,
1583 1417 1794 1460 tertiam
1845 1416 2076 1471 complecti

395 1491 445 1547 ἓξ
471 1489 708 1545 20b—38,
744 1491 797 1534 de
833 1495 1019 1547 quarta
1054 1492 1240 1546 denique
1274 1495 1397 1548 parte
1431 1504 1546 1535 nunc
1580 1491 1756 1546 quidem
1782 1504 1869 1534 non
1891 1492 2075 1546 liquere,

394 1571 538 1610 utrum
583 1581 679 1610 cum
726 1581 778 1610 ea
819 1568 868 1624 ἓξ
893 1569 1080 1610 46-48
1122 1568 1451 1623 coniungendae
1485 1582 1541 1610 311
1574 1568 1792 1623 peroratio
1825 1568 1954 1611 totius
1988 1567 2074 1610 dis-

394 1644 629 1699 putationis
664 1644 977 1687 existimandae
1012 1645 1110 1687 sint.
1155 1645 1213 1687 Hi
1239 1644 1330 1687 fere
1355 1645 1540 1700 partium
1562 1643 1689 1696 fines3
1725 1647 2074 1698 argumentorum

393 1720 669 1762 incertissimi
702 1723 814 1765 sunt.
871 1719 991 1771 Quae
1026 1733 1131 1763 vero
1156 1721 1309 1764 Cicero
1345 1720 1399 1762 de
1433 1721 1493 1763 eis
1526 1720 1619 1775 ipse
1652 1721 1696 1761 111
1725 1719 1748 1775 ξ
1776 1720 1796 1761 1
1825 1719 2074 1774 explicavit,

394 1808 511 1838 nunc
546 1795 720 1850 quidem
753 1795 867 1838 nihil
899 1795 1143 1851 proficiunt.

520 1911 594 1953 De
637 1908 696 1969 ἐξ
723 1911 750 1953 5
786 1913 837 1953 et
872 1911 896 1952 6
932 1909 1236 1953 Schmekelius
1272 1924 1325 1953 ex
1361 1910 1455 1966 §72
1497 1909 1586 1953 Sed
1615 1911 1922 1962 Posidonium,
1963 1911 2078 1954 sicui

395 2000 582 2040 aequum
617 1990 691 2042 est,
727 2001 824 2030 oum
858 1988 972 2030 bona
1004 1989 1155 2042 qratia
1185 1987 1508 2041 dimittamus&
1545 1987 1605 2029 ad
1629 1985 1863 2041 Chrysippi
1896 1987 2075 2040 laqueos

392 2067 720 2108 revertamur
762 2066 881 2107 recte
922 2064 1139 2107 conclusit
1173 2063 1429 2108 Ciceronem
1464 2066 1586 2107 extra
1619 2076 1710 2106 rem
1744 2075 1963 2119 egressum
1998 2075 2076 2106 sua

393 2144 547 2197 sponte
601 2144 768 2195 partem
825 2140 1156 2183 antecedentem
1212 2155 1267 2183 ex
1316 2141 1550 2182 Posidonio
1607 2140 1877 2192 adiunxisse,
1932 2154 2074 2195 neque

392 2218 547 2273 procul
604 2217 728 2260 abest
782 2217 989 2272 suspicio,
1051 2216 1252 2270 quoniam
1309 2216 1594 2271 comperimus
1649 2216 1707 2271 (p.
1738 2215 1788 2272 8)
1843 2215 1883 2258 ei
1937 2216 2072 2260 libros

392 2293 512 2335 1111116
552 2292 806 2347 philosophi
848 2292 902 2334 de
937 2291 1205 2334 divinatione
1240 2294 1328 2333 tum
1364 2291 1420 2333 ad
1454 2304 1606 2334 manus
1639 2291 1791 2345 fuisse,
1830 2292 1956 2333 illinc
1989 2290 2073 2334 hoc

394 2364 614 2430 ἕμβλημα
637 2368 833 2412 fluxisse:
868 2367 985 2412 unde
1009 2368 1213 2423 sequitur,
1248 2380 1359 2423 quae
1383 2370 1535 2412 contra
1559 2367 1839 2411 Posidonium
1861 2366 2074 2421 dicuntur,

393 2461 419 2489 a
463 2446 672 2490 Cicerone
717 2446 897 2488 inventa
940 2446 1015 2489 vel
1061 2445 1300 2501 composita
1345 2458 1452 2488 esse.
1518 2445 1667 2501 Atque
1710 2445 1756 2487 in
1799 2443 1874 2501 §5
1920 2445 2072 2487 verba:

392 2527 583 2566 naturae
628 2525 831 2577 contayio
866 2558 875 2566 .
901 2556 909 2565 .
935 2556 944 2565 .
980 2536 1113 2576 quam
1158 2535 1234 2576 egro
1279 2535 1370 2564 non
1412 2523 1517 2564 tollo
1557 2523 1766 2564 revocant
1805 2521 2073 2564 consimilem

394 2599 447 2643 de
482 2599 568 2642 div.
591 2600 635 2643 II
669 2599 770 2656 §33
806 2601 967 2642 locum:
1012 2599 1072 2642 Ut
1106 2600 1219 2641 enim
1252 2600 1343 2641 iam
1375 2599 1435 2641 sit
1468 2598 1622 2651 aliqua
1653 2599 1702 2641 in
1733 2601 1900 2641 natura
1930 2609 2075 2640 rerum

395 2678 619 2731 contagio,
671 2689 805 2729 quam
856 2689 947 2718 esse
997 2676 1195 2718 concedo.
1269 2674 1390 2726 Quae
1441 2674 1600 2717 deinde
1649 2675 1951 2729 insequuntur,
2001 2677 2075 2717 aut

394 2765 644 2796 communes
694 2752 821 2807 vulgi
865 2751 1054 2794 reddunt
1098 2751 1324 2807 opiniones
1371 2753 1445 2794 aut
1490 2752 1635 2794 causis
1677 2751 1905 2806 fortuito
1951 2755 2071 2795 ante-

394 2831 573 2884 qressis,
619 2842 729 2884 quae
770 2830 815 2871 in
856 2829 964 2883 §19
1008 2831 1408 2882 commemorantur,
1452 2828 1657 2871 nituntur.
1723 2829 1788 2871 Ea
1820 2841 1926 2872 vero
1960 2841 2073 2884 quae

393 2909 483 2949 tum
524 2919 661 2961 usque
696 2905 752 2949 ad
787 2907 862 2959 §6
899 2905 1185 2961 disseruntur,
1231 2907 1457 2960 tantopere
1490 2918 1596 2961 prae
1631 2917 1678 2948 66
1710 2904 1856 2949 ferunt
1889 2905 2073 2949 oratoris

394 2984 528 3036 artes,
574 2985 620 3025 ut
664 2982 718 3026 de
763 2986 939 3027 auctore
985 2982 1196 3027 dubitatio
1241 2983 1327 3025 iam
1373 2994 1467 3026 esse
1511 2995 1599 3025 non
1641 2982 1791 3038 possit.
1862 2981 1975 3025 Satis
2020 2981 2075 3023 sit

392 3061 545 3102 notare
568 3059 867 3102 incredibilem
891 3060 1116 3102 levitatem
1141 3059 1382 3102 sententiae
1405 3058 1549 3101 huius:
1577 3058 1748 3112 Quaero
1771 3059 1910 3112 τρίταν
1924 3056 2075 3111 (atque

522 3171 553 3220 ²)
591 3169 650 3210 Cf.
679 3169 703 3220 ξ
730 3174 770 3208 5:
812 3170 1008 3220 quaedam
1050 3169 1172 3209 etiam
1209 3169 1460 3210 Posidonius
1496 3170 1619 3220 (pace
1652 3167 1844 3219 magistri
1880 3165 2074 3216 dixerim)

394 3233 648 3275 comminisci
674 3232 847 3276 videtur.
