2320 3786
1866 242 1923 286 21

256 378 528 437 perspexit.1)
583 379 781 436 Denique
814 379 886 424 hic
920 377 1160 436 reperimus
1192 376 1317 419 illam
1342 371 1575 429 Chrysippi
1608 370 1929 425 allocutionem,

258 470 386 513 quam
430 452 639 513 nusquam
683 458 766 500 nisi
807 458 852 499 in
897 456 1004 513 §12
1048 454 1291 498 invenimus
1332 454 1376 495 et
1415 465 1441 493 a
1475 450 1682 494 Cicerone
1716 446 1928 490 adiectam

258 547 351 577 esse
396 533 794 577 demonstravimus.
871 531 1067 575 Eandem
1110 543 1214 574 vero
1258 529 1471 572 rationem
1516 525 1566 583 ἐξ
1590 525 1778 568 27—28
1823 537 1928 580 prae

258 623 304 654 se
346 610 503 654 ferunt:
544 624 632 654 non
672 623 790 653 more
822 607 1179 664 philosophorum
1213 606 1532 649 demonstratur
1566 606 1608 646 et
1643 601 1928 654 concluditur,

256 687 332 731 sed
373 688 554 731 oratoris
586 687 672 730 ritu
703 686 1010 739 interrogatur,
1056 685 1098 726 et
1131 683 1210 736 sic,
1252 684 1298 724 ut
1330 695 1418 725 non
1450 678 1782 735 respondeatur,
1823 691 1928 721 sane

256 764 357 819 quia
390 764 512 820 pueri
546 764 660 806 esset
687 759 965 817 respondere,
998 772 1086 802 non
1108 757 1370 815 philosophi.
1426 756 1728 813 Compluribus
1750 754 1926 798 tandem

256 840 357 896 §28
391 837 712 886 offensionibus,
746 836 819 878 ubi
851 835 1046 890 inprimis
1078 848 1236 888 magna
1268 832 1502 876 difficultas
1535 835 1610 881 est,
1646 844 1732 885 qua
1758 831 1928 873 ratione

256 916 391 959 verba
422 913 515 957 Nec
546 925 628 956 nos
660 912 864 966 impediet
895 944 903 953 .
929 944 937 953 .
963 944 971 952 .
1016 923 1112 954 cum
1145 911 1268 965 parte
1303 907 1587 951 antecedente
1622 904 1928 962 coniungenda

258 993 352 1045 sint,
385 991 584 1033 Stuevius
618 988 782 1031 studuit
815 987 989 1030 mederi.
1053 987 1206 1040 Neque
1241 998 1344 1027 vero
1379 985 1469 1026 eius
1502 983 1695 1039 parvulis
1728 981 1928 1025 remediis

257 1067 325 1110 his
366 1064 692 1108 difficultatibus
726 1063 828 1107 satis
862 1061 1083 1106 subveniri
1115 1073 1242 1117 posse
1277 1059 1479 1109 arbitror,
1523 1057 1619 1112 sed,
1659 1061 1705 1101 ut
1738 1057 1929 1101 breviter

258 1143 411 1196 dicam,
444 1141 552 1185 haec
578 1140 723 1184 omnia
746 1140 869 1195 signa
892 1141 990 1182 sunt
1024 1139 1073 1191 ἓξ
1099 1137 1284 1180 26-28
1320 1136 1631 1180 a‘Cicerone
1667 1134 1780 1190 ipso
1815 1145 1928 1177 esse

258 1218 572 1261 elaboratas

384 1294 478 1338 Hoc
518 1296 564 1337 ut
603 1292 786 1336 iudicem
824 1304 912 1335 non
951 1292 1038 1334 tam
1079 1288 1384 1333 offensionibus
1420 1286 1548 1331 modo
1583 1285 1927 1331 commemoratis

259 1369 450 1413 adducor
484 1381 611 1423 quam
645 1367 923 1410 similitudine
956 1366 1082 1407 huius
1115 1365 1202 1407 loci
1237 1377 1332 1406 cum
1367 1364 1415 1419 §g
1445 1363 1641 1405 17—20.
1682 1363 1796 1404 Nam
1832 1374 1927 1404 eum

260 1458 368 1501 opus
403 1446 515 1487 esset
548 1443 605 1485 ad
626 1442 734 1485 haec
756 1440 1060 1498 perspicienda
1083 1442 1125 1482 et
1146 1437 1474 1494 interpretanda
1497 1438 1607 1480 alios
1628 1437 1773 1480 libelli
1793 1437 1930 1479 nostri

260 1523 383 1564 locos
425 1518 638 1572 conferre,
682 1518 784 1560 illas
818 1517 1004 1560 maxime
1040 1515 1164 1571 coepi
1198 1528 1293 1558 cum
1327 1514 1484 1557 nostris
1518 1526 1770 1568 comparare
1803 1526 1928 1568 para-

259 1596 448 1654 graphis.
502 1597 569 1639 Ita
602 1607 840 1651 permagna
873 1592 976 1636 mihi
1010 1592 1196 1636 occurrit
1229 1589 1461 1634 similitudo
1497 1590 1569 1632 vel
1598 1589 1720 1644 quasi
1743 1587 1932 1632 affinitas

259 1674 480 1727 utriusque
522 1672 628 1714 loci:
672 1671 884 1725 utrimque
930 1670 975 1711 in
1014 1670 1151 1724 primo
1192 1669 1392 1722 exemplo
1428 1667 1641 1722 Scipionis
1675 1679 1833 1708 nomen
1865 1679 1932 1708 re-

259 1749 442 1806 peritur3
485 1746 766 1803 respondent:
811 1747 954 1789 veniet
994 1746 1041 1788 in
1084 1747 1285 1788 senatum
1327 1741 1434 1786 Cato
1479 1745 1522 1785 et
1567 1741 1840 1795 descendeffi)
1884 1742 1932 1784 in

260 1823 550 1868 Academiam
597 1821 861 1874 Carnead683
913 1821 1015 1875 quin
1061 1821 1188 1862 etiam
1231 1822 1416 1861 totarum
1459 1817 1733 1873 periodorum
1778 1816 1931 1859 eadem

261 1904 326 1945 est
360 1900 633 1950 constructio,
667 1899 716 1955 ἐξ
743 1898 944 1940 18-20;
983 1909 1092 1947 nec,
1128 1909 1235 1939 cum
1268 1895 1374 1937 haec
1407 1895 1471 1936 ita
1505 1895 1605 1944 sint,
1641 1896 1718 1936 est
1751 1905 1930 1943 caasa,

263 1990 351 2020 cur
381 1976 601 2030 quicarus
633 1975 804 2029 fatam
840 1974 1146 2016 extimescat
1288 1968 1428 2028 necss)
1462 1970 1512 2024 ii,
1548 1970 1624 2022 qui
1657 1969 1807 2011 dicunt
1838 1970 1929 2010 im-

260 2053 545 2097 mutabilia
585 2064 692 2103 esse,
733 2063 843 2104 qaae
881 2050 1038 2104 futura
1077 2049 1167 2092 sint
1198 2081 1207 2090 .
1233 2081 1275 2090 ..
1308 2046 1399 2101 fati
1435 2046 1735 2089 necessitatem
1776 2044 1930 2098 confir-

260 2134 388 2175 mant
571 2129 697 2182 §282
740 2140 849 2178 nec,
895 2127 940 2170 si
983 2138 1107 2169 omne
1152 2125 1425 2168 enuntiatam
1583 2123 1779 2175 sequitur
1809 2122 1929 2164 illico

264 2220 353 2251 esse
387 2219 546 2249 causas
578 2204 932 2248 immutabiles
1055 2214 1146 2244 nec
1180 2202 1236 2244 ob
1272 2213 1379 2243 eam
1414 2211 1625 2242 causam
1657 2199 1829 2252 fatam
1853 2201 1934 2240 aut

261 2284 497 2327 necessitas
532 2280 916 2325 catimesceiicla
950 2281 1023 2321 cst.
1077 2277 1178 2320 Sine
1213 2276 1342 2319 dubio
1375 2289 1463 2318 non
1486 2287 1587 2317 casu
1610 2273 1779 2326 accidit,
1814 2273 1932 2328 quod

262 2362 435 2415 praeter
489 2360 621 2401 totam
672 2358 928 2399 structuram
978 2354 1104 2397 etiam
1154 2353 1326 2407 singula
1374 2350 1647 2394 consentiunt
1695 2349 1932 2401 vocabula3

263 2436 400 2479 maius
450 2438 513 2478 est
563 2433 865 2476 documentum
910 2443 980 2473 res
1026 2442 1152 2484 quam
1197 2428 1382 2471 maxime
1426 2426 1673 2469 consimiles
1718 2438 1812 2469 esse
1858 2428 1933 2467 aut

264 2511 438 2556 easdem
471 2510 574 2554 fere.

392 2636 422 2686 ¹)
450 2635 512 2675 Cf.
535 2647 575 2685 p.
593 2637 638 2673 18
667 2637 708 2673 et
734 2645 773 2683 p.
790 2635 837 2672 22
848 2643 909 2682 sq.
936 2654 985 2659 —
1013 2629 1291 2671 Schmekelius
1309 2629 1415 2668 hunc
1433 2627 1567 2667 locum
1584 2626 1637 2666 ad
1655 2625 1933 2677 quaestionem

264 2701 356 2750 περὶ
393 2701 581 2737 δυνατῶν
616 2697 819 2747 pertinere
854 2698 971 2735 acute
1007 2694 1133 2734 sensit
1164 2694 1220 2743 (p.
1243 2694 1349 2742 169),
1386 2691 1428 2730 id
1461 2690 1572 2740 quod
1599 2689 1790 2729 Stuevius
1818 2690 1872 2739 (p.
1893 2690 1932 2738 5)

263 2764 402 2812 negat3
440 2761 599 2811 singula
632 2771 731 2799 vero
764 2761 999 2810 argumenta
1031 2765 1054 2796 a
1081 2754 1337 2796 Schmekelio
1366 2754 1528 2794 detorta
1554 2764 1644 2792 esse
1670 2751 1936 2802 probabiliter

265 2824 526 2875 reprehendit
552 2823 754 2863 Stuevius.

392 2887 425 2937 ²)
453 2886 521 2926 Sic
549 2889 612 2925 est
638 2885 912 2935 scribendum3
941 2894 1085 2934 nempe
1112 2882 1291 2921 futurum
1317 2880 1554 2931 postulatur.
1602 2879 1684 2920 Vix
1711 2878 1816 2918 enim
1843 2890 1935 2929 pro-

265 2950 402 2992 babile
437 2952 500 2989 est
526 2949 781 2996 Ciceronem,
816 2951 861 2987 ut
889 2947 929 2998 (ξ
954 2947 988 2996 1)
1021 2945 1260 2996 opinabatur
1286 2944 1362 2983 hae
1387 2946 1501 2994 parte
1528 2942 1580 2982 de
1607 2941 1753 2982 futuris
1779 2944 1937 2982 tantum

265 3014 348 3065 agi,
374 3013 431 3052 ita
458 3012 576 3052 etiam
603 3010 810 3061 proprium
838 3009 1066 3058 exemplum
1091 3008 1132 3046 in
1157 3006 1294 3046 futuro
1320 3006 1520 3056 posuisse,
1549 3016 1792 3055 quamquam
1819 3008 1938 3045 antea

266 3078 308 3129 (ξ
330 3077 393 3128 19)
421 3087 472 3116 ex
499 3073 610 3114 fonte
636 3084 827 3124 praesens
854 3073 1110 3111 converterat
1135 3073 1310 3120 tempus.

395 3141 427 3190 ⁸)
460 3138 566 3179 Fieri
603 3140 758 3188 potest,
798 3138 842 3175 ut
879 3135 923 3175 id
962 3146 1033 3174 nec
1066 3134 1199 3185 ipsum
1234 3134 1431 3183 scriptum
1466 3133 1520 3173 sit
1554 3132 1779 3173 secundum
1814 3132 1940 3173 fontis

269 3198 363 3244 οὔτε
389 3204 429 3243 in
458 3203 547 3255 §28
576 3201 673 3252 (Nec
699 3212 772 3241 nos
799 3198 1006 3251 impediet)
1033 3197 1242 3238 traditum:
1270 3210 1309 3237 v.
1336 3209 1376 3247 p.
1396 3199 1454 3236 23.
