2320 3786
1883 231 1935 273 11

270 363 350 406 hoc
374 362 678 418 latepatebz't),
701 364 741 407 si
759 364 851 419 fati
872 364 1047 407 ommino
1070 361 1277 405 nullum
1308 373 1512 411 nomen,
1546 359 1699 402 nulla
1726 360 1943 409 natura,

267 437 423 480 nulla
466 438 544 482 vis
592 441 704 482 esset
748 442 790 482 et
831 439 974 494 forte
1022 440 1209 481 temere
1256 448 1383 480 casu
1422 438 1504 478 aut
1536 435 1755 489 pleraque
1792 433 1946 487 fierent

271 516 351 557 aut
382 515 547 566 omnia,
590 528 695 558 reum
729 516 876 567 aliter,
912 528 965 558 ae
996 528 1115 558 mmo
1148 515 1361 565 eveniunt,
1398 513 1626 556 evenirent.
1696 510 1812 565 Quid
1844 522 1943 564 erqo

271 593 429 635 attinet
464 593 686 636 inculeare
723 593 887 646 fatum,
933 605 1029 635 eum
1068 593 1162 635 sine
1193 592 1293 645 fato
1326 591 1442 634 ratio
1478 589 1671 633 omnium
1703 600 1849 631 rerum
1884 586 1945 629 ad

268 671 478 712 naturam
508 670 788 723 fortumamve
818 668 1069 721 referatur?

394 744 594 788 Ceterum
644 742 705 786 de
749 742 1036 786 Posidonio
1086 743 1201 799 ipso
1251 756 1390 798 pauca
1435 740 1597 785 addere
1642 752 1821 783 necesse
1866 741 1941 782 est.

268 821 374 866 Cum
418 820 532 863 enim
577 818 633 862 ad
666 820 810 863 locum
849 821 1043 863 nostrum
1075 820 1229 863 melius
1262 817 1607 874 intellegendum
1641 831 1695 861 ex
1727 816 1853 860 libris
1887 815 1941 859 de

268 895 533 938 divinatione
583 908 694 950 quae
744 894 896 937 eodem
940 895 1158 950 pertinere
1207 895 1406 937 videntur
1447 897 1593 950 partes
1638 893 1835 946 confero,
1886 892 1940 935 de

268 971 355 1013 div.
376 972 397 1013 1
430 971 480 1026 ἐξ
508 971 758 1013 139-131
796 973 840 1013 et
872 971 915 1012 11
948 970 997 1025 ἐξ
1024 970 1082 1013 33
1104 983 1179 1025 sq„
1223 971 1363 1024 miror,
1398 970 1511 1024 quod
1547 970 1831 1025 Augustinus,
1865 968 1942 1011 ubi

269 1046 325 1089 ad
358 1047 502 1089 locum
535 1048 729 1089 nostrum
761 1046 939 1102 respicit
971 1045 1043 1100 (de
1068 1046 1148 1088 civ.
1171 1046 1256 1089 Dei
1277 1046 1315 1087 V
1341 1045 1407 1100 2),
1440 1045 1717 1088 Posidonium
1747 1045 1942 1087 nominat

269 1122 462 1165 Stoicum
493 1123 680 1165 multum
713 1123 980 1176 astroloyiae
1014 1122 1217 1165 deditum.
1279 1121 1557 1164 Posidonium
1591 1122 1767 1163 nimium
1802 1121 1941 1163 credi-

267 1198 380 1241 disse
430 1199 509 1241 arti
560 1199 876 1253 astrologorum
918 1198 1147 1254 probabile
1191 1200 1272 1251 est,
1323 1200 1368 1240 at
1411 1198 1614 1253 exempla
1658 1199 1809 1240 nostra
1853 1210 1941 1239 non

268 1275 409 1318 minus
444 1287 572 1330 quam
604 1275 692 1318 loci
724 1274 793 1317 illi
826 1274 953 1318 modo
987 1274 1116 1317 allati
1147 1273 1193 1317 id
1221 1273 1328 1316 mihi
1350 1273 1578 1317 ostendere
1601 1273 1817 1327 videntur,
1851 1285 1941 1316 non

267 1350 322 1393 de
355 1351 591 1406 astrologia
624 1363 721 1393 eum
755 1351 906 1405 egisse,
940 1350 1016 1393 sed
1040 1349 1093 1393 de
1122 1351 1382 1405 contagione
1405 1353 1599 1403 naturae,
1632 1363 1761 1404 quam
1784 1350 1941 1393 Graeci

267 1422 583 1486 συμπάθειαν
623 1426 853 1471 vocabant.
917 1427 976 1470 Ut
1015 1425 1300 1481 philosophus
1333 1439 1435 1469 vere
1468 1426 1636 1470 Stoicus
1671 1425 1816 1470 docuit
1848 1426 1938 1469 uni-

266 1515 437 1545 versum
471 1502 676 1545 mundum
710 1502 985 1545 coniunctum
1020 1515 1132 1555 esse,
1177 1515 1324 1545 omnes
1357 1515 1428 1545 res
1462 1502 1576 1544 inter
1609 1514 1655 1545 se
1689 1501 1942 1545 cohaerere:

268 1593 322 1621 ex
355 1578 438 1621 hac
472 1581 614 1621 autem
649 1579 951 1622 coniunctione
983 1581 1174 1621 naturae
1208 1581 1250 1621 et
1282 1580 1411 1632 quasi
1445 1581 1654 1621 concentu
1688 1581 1819 1631 atque
1843 1591 1941 1620 con-

268 1669 399 1699 sensu
432 1655 504 1710 (de
527 1654 613 1700 div.
635 1655 680 1698 II
708 1655 732 1711 ξ
757 1654 834 1711 34)
870 1654 992 1698 duxit
1023 1654 1220 1698 homines
1255 1668 1427 1710 quoque
1461 1656 1609 1709 aliqua
1642 1655 1810 1698 ratione
1846 1667 1941 1698 cum

267 1732 394 1774 astris
437 1744 532 1774 esse
576 1731 847 1785 coniunctos,
894 1743 997 1786 ergo
1041 1731 1130 1773 illis
1154 1785 1156 1787 ‚
1177 1731 1301 1784 affici
1314 1730 1351 1787 1)
1382 1743 1523 1786 posse.
1588 1732 1763 1773 Erravit
1795 1732 1938 1785 igitur,

267 1807 383 1863 quod
426 1821 514 1851 non
558 1806 773 1850 dubitavit
816 1807 1124 1850 commenticiis
1165 1807 1482 1862 astrologorum
1523 1807 1686 1849 artibus
1720 1806 1938 1850 confidere

267 1884 562 1939 exemplisque
610 1896 712 1926 usus
761 1886 826 1926 est
874 1883 999 1926 illinc
1047 1883 1263 1939 repetitis;
1313 1882 1390 1926 sed
1435 1896 1488 1925 ea
1534 1882 1589 1925 ad
1635 1883 1937 1939 contagionem

265 1962 447 2004 naturae
479 1960 646 2003 rettulit
679 1962 808 2015 atque
842 1959 944 2004 inde
978 1959 1149 2003 demum
1182 1961 1268 2003 vim
1295 1960 1485 2014 fatalem
1519 1959 1590 2015 (de
1627 1959 1716 2003 fato
1752 1960 1827 2014 §5
1862 1961 1937 2016 in.)

268 2037 499 2095 deduxit.2)

393 2113 624 2165 Quoniam,
670 2126 781 2169 quae
826 2126 880 2157 ex
924 2112 1157 2157 Posidonio
1202 2114 1431 2169 assumpsit
1465 2113 1634 2163 Cicero,
1680 2113 1794 2156 intra
1840 2127 1936 2157 eam

265 2192 430 2245 partem
480 2190 679 2243 inseruit,
729 2203 815 2245 qua
864 2189 919 2232 de
969 2190 1224 2244 contagione
1273 2203 1414 2232 rerum
1465 2189 1765 2244 disputabatur
1808 2191 1850 2246 (ἓ
1876 2190 1936 2246 7),

264 2278 379 2308 nune
419 2265 594 2308 facilius
636 2251 913 2320 perspicitur,
958 2278 1042 2319 quo
1090 2265 1217 2307 modo
1250 2265 1295 2307 id
1327 2264 1420 2308 fieri
1452 2266 1651 2320 potuerit.
1716 2266 1936 2309 Reversus

263 2341 404 2396 igitur,
437 2342 484 2383 ut
506 2339 621 2394 dicit,
656 2340 717 2382 ad
740 2339 975 2396 Chrysimai
999 2341 1190 2394 laqueos,
1213 2341 1449 2396 pollicetur
1462 2342 1659 2395 primum
1681 2353 1936 2397 responsum

263 2418 316 2460 iri
351 2419 402 2461 de
433 2419 533 2472 {psa
566 2418 823 2472 contayione
843 2431 998 2471 rerum,
1033 2417 1090 2460 ad
1110 2419 1282 2472 reliqua
1305 2417 1525 2473 deinceps.
1581 2417 1689 2461 Inde
1713 2419 1936 2474 colligitur

264 2497 404 2549 antea,
438 2494 606 2539 scilicet
639 2497 738 2539 ante
772 2493 1095 2550 digressionem,
1130 2493 1184 2538 de
1218 2508 1304 2550 qua
1337 2494 1463 2538 modo
1489 2495 1666 2550 egimus,
1701 2494 1936 2552 Chrysippi

264 2570 319 2614 de
353 2584 405 2614 ea
437 2571 693 2614 sententiam
727 2572 991 2627 propositam
1025 2571 1176 2625 fuisse,
1217 2574 1345 2626 atque
1378 2572 1457 2625 ita,
1496 2574 1543 2613 ut
1575 2571 1677 2614 inde
1712 2573 1935 2615 conclusio

263 2646 385 2691 fieret
438 2646 525 2691 fato
581 2648 725 2691 omnia
780 2647 904 2692 effici.
984 2649 1079 2692 Huc
1135 2648 1281 2703 aliquo
1331 2648 1458 2691 modo
1509 2649 1661 2692 Cicero
1710 2648 1936 2692 Posidonii

264 2724 464 2778 exempla
510 2724 730 2766 annexuit.
795 2725 847 2767 In
895 2737 946 2768 eo
991 2727 1133 2767 autem
1167 2725 1301 2778 libro,
1347 2724 1404 2767 ad
1438 2724 1557 2767 cuius
1591 2724 1785 2767 ordinem
1818 2738 1935 2768 nunc

261 2798 394 2842 rediri
426 2799 701 2844 manifestum
736 2803 819 2855 est,
859 2802 1123 2857 propositam
1157 2801 1390 2857 Chrysippi
1422 2801 1680 2844 sententiam
1712 2802 1816 2844 ilico
1850 2801 1935 2845 hoc

260 2888 515 2931 responsum
559 2876 836 2921 subsecutum
881 2880 992 2921 erat:
1037 2891 1177 2933 neque
1223 2877 1336 2921 enim
1380 2876 1556 2921 dubium
1597 2882 1680 2933 est,
1725 2878 1831 2933 quin
1863 2877 1936 2922 hic

390 2999 421 3050 1)
449 2998 511 3039 Cf.
539 2998 562 3049 ἓ
584 3002 623 3039 8:
651 3001 855 3039 astrorum
881 3000 1055 3051 affectio.

387 3062 419 3112 ²)
455 3060 516 3101 Cf.
543 3061 596 3102 de
623 3061 703 3101 div.
723 3061 743 3100 I
770 3062 819 3113 ἐξ
840 3065 1038 3104 125—128
1073 3063 1180 3114 (cum
1219 3063 1313 3115 alia,
1350 3066 1434 3103 tum
1470 3064 1572 3104 haec
1607 3064 1743 3116 §126:
1781 3077 1831 3104 ex
1858 3078 1936 3117 quo

261 3124 525 3176 intelleyitur,
569 3126 616 3164 ut
647 3125 808 3175 fatum
842 3125 912 3165 sit
946 3138 1042 3166 non
1076 3126 1144 3177 id,
1190 3127 1314 3177 quod
1349 3127 1724 3178 superstitiose,
1770 3129 1852 3169 sed
1886 3129 1939 3169 id

261 3188 388 3240 quod
407 3188 617 3243 physice
643 3187 836 3230 dicitur
853 3217 861 3226 .
878 3190 946 3243 ..);
974 3192 1086 3231 totus
1112 3189 1199 3232 fere
1222 3190 1341 3233 locus
1360 3191 1412 3231 ad
1430 3191 1600 3233 verbum
1619 3203 1844 3235 conversus
1863 3196 1937 3238 est.
