2320 3786
1058 916 1243 986 Vita.

442 1047 582 1089 Natus
626 1059 718 1088 sum
765 1060 802 1089 a.
831 1045 872 1088 d.
901 1046 1015 1089 XIV.
1044 1045 1146 1088 Kal.
1175 1045 1289 1100 Aug.
1325 1044 1443 1086 1878
1485 1043 1738 1099 parentibus
1778 1043 1982 1098 agricolis

315 1121 619 1174 Stammhemii,
657 1122 702 1163 in
734 1122 830 1164 vico
864 1121 1305 1176 Wuerttembergensi
1336 1132 1473 1175 prope
1506 1119 1562 1161 ad
1594 1118 1980 1173 Ludwigsburgam

317 1199 409 1242 sito,
470 1197 513 1240 A
545 1200 669 1252 patre
702 1200 903 1251 sperante
936 1210 1063 1251 quam
1096 1198 1278 1251 primum
1314 1208 1380 1237 me
1414 1195 1496 1238 sibi
1528 1194 1774 1237 adfuturum
1808 1207 1901 1238 esse
1933 1195 1978 1236 in

316 1273 432 1328 agris
471 1272 684 1326 colendis,
727 1285 823 1316 cum
862 1272 1022 1328 primus
1057 1284 1194 1315 essem
1227 1270 1361 1324 filius,
1406 1270 1617 1313 decimum
1651 1283 1784 1324 agens
1818 1283 1978 1312 annum

315 1352 451 1392 matre
484 1349 693 1392 adiutrice
725 1350 799 1390 vix
830 1349 1069 1403 impetravi,
1102 1351 1149 1389 ut
1182 1347 1440 1390 concederet
1471 1346 1578 1389 mihi
1610 1346 1783 1389 studere
1809 1347 1977 1392 litteris.

316 1424 486 1468 Deinde
540 1438 617 1480 per
671 1424 861 1479 quinque
915 1436 1051 1467 annos
1105 1424 1297 1478 lyceum,
1353 1421 1469 1478 quod
1522 1425 1612 1465 tum
1666 1422 1977 1475 nominabatur,

315 1499 739 1554 Ludwigsburgense
782 1499 1129 1554 frequentabam,
1172 1502 1220 1540 ut
1259 1500 1474 1540 elementa
1511 1499 1688 1551 linguae
1721 1498 1902 1539 Latinae
1936 1500 1979 1539 et

318 1574 509 1618 Graecae
543 1575 764 1619 discerem.
812 1575 944 1619 Anno
971 1575 1090 1617 1893
1120 1574 1166 1616 in
1194 1574 1479 1627 seminarium,
1513 1572 1627 1628 quod
1649 1573 1694 1614 in
1717 1573 1977 1616 monasterio

315 1651 669 1693 Maulbronnensi
721 1652 960 1693 institutum
1015 1653 1097 1702 est,
1152 1653 1350 1703 receptus
1401 1649 1566 1691 duobus
1615 1649 1739 1691 annis
1786 1652 1886 1703 post
1934 1650 1979 1690 in

317 1726 639 1769 Blaubeurense
695 1739 785 1769 sum
836 1738 1105 1781 progressus:
1132 1715 1135 1717 ’
1162 1738 1341 1780 quorum
1397 1725 1718 1767 seminariorum
1767 1724 1877 1766 ratio
1927 1736 1977 1766 eo

315 1802 482 1844 intenta
514 1805 589 1855 est,
621 1805 668 1844 ut
700 1802 756 1844 ad
790 1801 1055 1856 theologiam
1088 1802 1252 1843 alumni
1284 1803 1607 1855 praeparentur.
1669 1798 1776 1841 Mihi
1808 1811 1979 1853 quoque

316 1876 383 1919 his
433 1877 556 1919 annis
603 1877 648 1918 in
697 1878 840 1919 animo
891 1881 982 1919 erat
1030 1876 1224 1930 theologi
1267 1875 1502 1929 aliquando
1546 1887 1697 1916 munus
1741 1886 1979 1929 capessere.

318 1951 404 1995 Sed
437 1954 601 1994 aestate
639 1952 757 1994 1897
793 1952 1079 1994 maturitatem
1109 1953 1303 2004 nanctus,
1337 1953 1383 1992 ut
1406 1949 1488 1991 hoc
1512 1950 1736 1991 consilium
1759 1951 1980 2000 mutarem,

319 2026 611 2081 compluribus
667 2027 807 2068 causis
861 2029 1093 2068 commotus
1143 2039 1247 2067 sum.
1327 2025 1401 2066 Ad
1449 2024 1735 2078 philologiam
1785 2037 1889 2065 vero
1940 2026 1983 2065 et

317 2101 542 2145 historiam
591 2115 659 2144 me
709 2102 902 2145 converti
950 2114 1027 2156 spe
1075 2101 1285 2156 impulsus
1335 2113 1401 2142 me
1449 2099 1532 2142 hac
1580 2099 1652 2141 via
1697 2098 1750 2141 de
1795 2098 1983 2141 moribus

317 2178 609 2232 institutisque
641 2177 877 2232 hominum,
912 2177 1062 2232 qualia
1095 2189 1265 2230 quaque
1299 2178 1440 2218 aetate
1474 2174 1651 2228 fuerint,
1686 2174 1739 2217 de
1772 2175 1985 2228 quaestio-

317 2253 443 2294 nibus
496 2253 769 2307 ingeniisque
823 2252 1200 2307 philosophorum,
1258 2251 1311 2293 de
1362 2254 1517 2292 natura
1566 2234 1694 2304 atque
1742 2249 1786 2291 vi
1834 2250 1988 2291 artium

317 2327 562 2369 liberalium
624 2327 809 2368 certiora
864 2339 958 2369 esse
1012 2329 1308 2381 accepturum:
1368 2338 1524 2380 nempe
1580 2325 1872 2367 adulescentis
1927 2328 1992 2367 est

319 2417 488 2458 semper
527 2404 570 2444 in
611 2402 939 2444 universitatem
978 2416 1123 2445 rerum
1156 2403 1406 2458 prospicere
1440 2414 1596 2456 resque
1630 2401 1701 2444 diu
1734 2402 1992 2456 praeteritas

318 2492 454 2534 usque
500 2491 549 2521 eo
593 2479 713 2520 velle
757 2478 1037 2532 perscrutari,
1084 2481 1131 2520 ut
1176 2478 1278 2520 inde
1322 2478 1498 2532 regulas
1544 2477 1674 2519 ducat
1718 2477 1772 2519 de
1813 2480 1993 2519 aeterna

318 2558 473 2597 natura
506 2554 725 2597 hominum
761 2557 802 2595 et
836 2552 889 2595 de
922 2554 1036 2595 veris
1070 2554 1257 2595 omnium
1290 2553 1527 2595 studiorum
1562 2553 1806 2606 artiumque
1834 2551 1991 2595 finibus

320 2633 361 2671 et
404 2629 577 2671 normis.
650 2628 822 2683 Optime
868 2631 1010 2670 autem
1056 2628 1159 2670 mihi
1203 2629 1372 2683 obtigit,
1418 2628 1535 2682 quod
1574 2628 1802 2680 Tubingae
1846 2628 1990 2670 statim

318 2703 546 2745 audiebam
587 2703 641 2745 de
673 2703 796 2744 libris
829 2701 1132 2757 pulcherrimis
1166 2706 1297 2756 atque
1330 2703 1498 2745 ratione
1531 2702 1780 2756 inquirendi
1811 2703 1991 2744 Erwinii

318 2778 491 2831 Rohde,
536 2791 662 2831 quem
706 2779 905 2820 venerari
947 2779 1130 2819 maxime
1171 2778 1411 2821 Guilelmus
1446 2777 1622 2819 Schmid
1668 2777 1870 2829 docebat,
1915 2779 1989 2830 qui

319 2853 483 2896 animos
530 2852 838 2907 discipulorum
873 2852 929 2894 ad
962 2852 1191 2894 maximum
1225 2852 1466 2894 litterarum
1502 2850 1763 2894 Graecarum
1797 2863 1985 2893 amorem

320 2929 535 2972 excitavit.
591 2928 642 2970 In
675 2929 902 2970 seminario
935 2928 1202 2983 philologico
1237 2928 1443 2969 Ernestus
1477 2927 1651 2979 Herzog
1684 2928 1726 2968 et
1760 2925 1985 2979 Schwabe,

318 3007 363 3049 in
396 3005 597 3048 historico
622 3004 765 3050 Busch
796 3004 841 3046 id
873 3004 1138 3058 potissimum
1162 3004 1406 3055 monebant,
1439 3006 1485 3043 ut
1509 3015 1637 3056 quam
1662 3001 1983 3044 accuratissime

318 3082 470 3127 fierent
502 3080 786 3137 quaestiones.
848 3080 1082 3124 Praeterea
1114 3079 1341 3134 Tubingae
1376 3078 1580 3133 collegia,
1615 3089 1727 3133 quae
1761 3075 1985 3121 Conradus

318 3160 482 3217 Lange¹
503 3162 545 3201 et
566 3158 749 3200 Hettner
783 3156 836 3198 de
865 3155 1046 3198 historia
1069 3156 1222 3198 artium
1247 3154 1550 3210 graphicarum
1574 3157 1616 3195 et
1640 3154 1693 3195 de
1717 3153 1986 3208 geographia
