2276 3772
1749 247 1806 292 33

260 381 412 428 Facile
456 381 731 439 cognoscitur
772 379 843 426 hic
887 379 1059 424 nomine
1103 376 1182 422 fati
1225 376 1355 421 simili
1397 377 1565 431 ratione
1606 378 1808 432 neglecto

136 459 288 504 eodem
336 453 519 503 consilio
566 461 716 502 contra
760 457 1061 501 necessitatem
1107 453 1311 511 pugnari,
1358 465 1443 507 quo
1488 454 1616 495 antea
1661 454 1813 494 contra

136 537 434 580 aeternitatem
482 548 722 579 causarum.
787 532 956 576 Deinde
995 531 1041 574 id
1080 530 1356 587 perspicuum
1398 541 1492 572 esse
1526 531 1649 584 puto,
1693 527 1812 569 huic

135 612 274 668 parti
317 612 415 655 toti
457 610 672 654 eandem
713 609 924 651 subesse
966 606 1359 650 distinctionem
1395 608 1548 659 atque
1583 603 1632 660 ἐξ
1657 605 1703 657 9,
1742 604 1810 655 19,

138 689 197 731 23
216 702 329 744 5(1(1.,
386 688 442 729 31
464 699 576 741 5(1(1.;
631 684 769 727 nihil
822 696 976 739 posse
1032 683 1246 726 evenire
1301 681 1405 724 nisi
1461 693 1613 723 causa
1667 682 1812 722 ante-

138 764 378 816 cedente,
418 763 680 804 interesse
714 762 882 803 autem
915 760 1052 803 inter
1087 772 1272 803 causas
1307 760 1551 801 aeternas
1591 759 1812 800 naturae

136 839 458 883 necessitate
502 838 768 880 manantes
815 835 858 892 (§
885 834 959 894 19)
1000 837 1087 879 vel
1130 835 1460 891 principales
1501 837 1552 877 et
1591 832 1812 877 fortuito

138 918 479 971 antegressas
519 915 607 957 vel
646 912 954 969 proximas1)
997 925 1195 956 causas.

268 991 326 1034 Ut
371 990 501 1045 igitur
544 988 654 1032 haec
687 989 815 1031 tertia
850 991 892 1031 et
926 989 1018 1030 sine
1052 987 1182 1030 dubio
1215 990 1433 1042 postrema
1465 1000 1565 1042 pars
1601 986 1692 1029 eius
1727 985 1814 1028 dis-

136 1066 368 1122 putationis
402 1066 474 1119 sit,
522 1065 641 1108 cuius
675 1065 858 1120 primam
892 1066 935 1107 et
968 1064 1150 1106 alteram
1185 1076 1315 1118 supra
1347 1063 1728 1118 perlustravimus,
1763 1075 1815 1104 ea

138 1141 241 1185 mihi
286 1141 340 1184 ab
386 1141 560 1183 illarum
605 1141 808 1183 universa
852 1140 1020 1182 rat-ione
1064 1152 1337 1194 nequaquam
1382 1138 1638 1191 abhorrere,
1683 1138 1813 1180 immo

141 1217 300 1272 optime
352 1217 579 1260 concinere
628 1215 816 1271 videtur,
866 1215 1050 1258 maxime
1100 1228 1195 1257 cum
1245 1215 1386 1257 altera
1433 1216 1557 1269 parte
1604 1216 1646 1256 01
1691 1213 1813 1269 ξ38.

138 1293 324 1334 Partes
368 1305 491 1334 vero
534 1305 705 1334 omnes
744 1292 996 1333 rationem
1032 1290 1284 1333 Antiochi
1317 1290 1663 1332 Ascalonitae
1704 1290 1815 1331 cla-

138 1366 342 1409 rissime
376 1379 500 1421 prae
535 1378 585 1409 se
619 1365 813 1417 ferunt;
848 1378 994 1408 omnes
1027 1365 1073 1406 in
1105 1364 1219 1407 idem
1252 1364 1444 1407 intentae
1467 1367 1566 1407 sunt
1589 1364 1819 1407 consilium

140 1442 523 1496 argumentationis
573 1440 840 1495 eandemque
886 1440 1093 1483 exhibent
1137 1441 1403 1494 quaestionis
1448 1439 1819 1495 disceptationem.

268 1517 330 1561 At
358 1519 502 1572 restat,
536 1519 582 1561 ut
606 1516 666 1561 de
689 1515 744 1574 ἐξ
763 1515 950 1560 46-48
973 1528 1115 1573 pauca
1139 1515 1308 1571 addam,
1332 1529 1441 1573 quas
1465 1515 1609 1560 adhuc
1631 1516 1819 1573 reposui,

140 1594 241 1647 quia
281 1607 381 1636 non
424 1606 484 1636 ex
517 1592 784 1636 Antiocho
825 1592 1043 1635 haustae
1084 1595 1217 1647 sunt,
1261 1592 1348 1635 sed
1383 1607 1409 1634 a
1443 1593 1694 1636 Cicerone
1730 1592 1817 1634 ad-

138 1669 370 1711 iunctae:
418 1669 501 1711 hoc
545 1670 644 1711 loco
692 1668 741 1724 ἓξ
767 1668 952 1710 21—23
994 1668 1126 1710 simili
1164 1669 1331 1711 ratione
1364 1669 1553 1711 imitatus
1588 1670 1653 1711 051
1686 1671 1816 1722 31(1110

142 1742 430 1799 paragraphis
465 1743 650 1785 26—28
694 1741 993 1799 paragraphos
1033 1743 1227 1785 17—19.
1304 1742 1479 1786 Eisdem
1522 1742 1614 1786 fere
1658 1744 1818 1798 plenae

141 1822 241 1861 sunt
291 1819 624 1872 offensionibus,
673 1820 869 1875 inprimis
913 1820 1046 1875 §46,
1097 1821 1216 1862 cuius
1259 1834 1400 1875 paene
1444 1821 1643 1875 singulae
1687 1833 1818 1863 voces

146 1893 406 1950 discipulum
450 1897 493 1937 01
536 1897 746 1938 0131010111
792 1896 1027 1949 ostentant,
1072 1909 1158 1939 non
1197 1894 1450 1952 philosophi
1482 1896 1741 1952 gravitatem
1776 1898 1820 1939 et

144 1970 413 2014 brevitatem.
490 1970 626 2022 Quam
675 1972 862 2026 puerilia
911 1974 953 2014 et·
1000 1972 1213 2014 iocularia
1261 1972 1370 2015 haec
1420 1975 1537 2015 sunt:
1589 1975 1670 2016 331
1712 1986 1819 2015 nuni

144 2047 390 2089 sortiuntur
431 2047 545 2089 inter
587 2059 650 2097 se,
697 2059 808 2099 quae
848 2047 1048 2097 declinet,
1095 2060 1206 2100 qnae
1244 2047 1365 2090 non?
1412 2050 1492 2090 331
1530 2061 1608 2090 cur
1637 2049 1818 2090 minimo

148 2122 368 2165 declinent
397 2122 648 2173 intervallo,
681 2123 846 2165 maiore
877 2122 996 2165 non?
1037 2126 1116 2165 331
1148 2136 1225 2165 cur
1257 2123 1474 2166 declinent
1502 2136 1591 2166 330
1624 2125 1817 2174 minimo,

141 2208 233 2239 non
279 2197 497 2239 declinent
540 2198 706 2240 duobus
751 2197 831 2240 331
874 2198 1040 2241 tribus?
1084 2200 1234 2252 optare
1278 2198 1357 2241 hoc
1397 2198 1569 2252 quidem
1603 2201 1684 2250 est,
1728 2211 1818 2242 non

145 2272 382 2325 disputare.
447 2272 520 2315 Ad
565 2286 617 2315 ea
655 2286 779 2327 vero,
825 2286 937 2328 quae
976 2274 1170 2328 proxime
1211 2273 1491 2317 antecedunt:
1534 2274 1672 2317 aliani
1706 2275 1820 2317 enim

147 2348 373 2400 quandam
415 2349 501 2390 vim
544 2351 687 2391 motus
733 2349 952 2391 habebant
994 2362 1022 2391 α
1053 2350 1303 2392 Democrito
1342 2350 1638 2403 impulsionis,
1687 2363 1820 2403 quam

135 2422 325 2478 playam
356 2423 433 2466 ille
465 2424 672 2479 appellat,
708 2436 736 2467 3
772 2426 834 2475 10,
867 2424 1114 2478 Epicure,
1146 2426 1438 2480 oravitatis
1474 2428 1523 2468 et
1548 2426 1818 2480 ponderis,

146 2498 346 2542 conferas
379 2499 403 2555 ξ
428 2501 506 2541 22:
541 2499 630 2542 Sed
651 2499 872 2553 Epicurus
896 2501 1184 2543 declinatione
1208 2503 1344 2543 atomi
1363 2503 1497 2543 vitari
1516 2503 1819 2545 necessitatem

144 2574 237 2628 fati
266 2577 414 2628 putat.
480 2575 641 2630 Itaque
683 2576 832 2620 tertius
867 2576 1046 2630 qnidam
1076 2579 1220 2620 motus
1255 2578 1393 2620 oritur
1427 2579 1572 2621 extra
1606 2578 1818 2632 pondus

143 2651 192 2691 01
229 2650 456 2704 playam
500 2683 510 2693 .
535 2685 543 2693 .
568 2684 601 2705 .,
657 2654 874 2694 momenta
922 2652 1089 2695 scilicet
1136 2651 1390 2696 Democriti!
1445 2653 1619 2695 Erravit
1668 2653 1820 2697 Cicero

141 2738 317 2780 prorsus
365 2727 526 2770 oblitus
573 2728 959 2783 argumentationis
998 2727 1047 2784 ἐξ
1074 2729 1132 2771 22
1152 2742 1214 2783 5(1.
1250 2732 1292 2773 01
1329 2730 1404 2772 18!
1470 2730 1571 2773 Non
1604 2730 1730 2774 aliter
1765 2730 1819 2773 de

142 2799 247 2856 §47
295 2803 338 2844 et
371 2802 432 2844 48
475 2802 658 2847 iudices:
704 2805 847 2848 omnia
889 2817 941 2847 ex
977 2806 1114 2848 altero
1147 2807 1332 2861 repetita
1365 2808 1464 2848 sunt
1497 2807 1617 2860 loco,
1661 2807 1820 2861 partim

143 2875 342 2930 dilatata,
387 2878 542 2932 partim
591 2882 734 2933 aucta,
779 2881 900 2922 velut
932 2880 1058 2923 haec:
1103 2881 1149 2921 in
1182 2880 1288 2935 §23
1324 2881 1498 2923 dicitur:
1545 2883 1718 2924 etiamsi
1749 2884 1823 2925 sit

146 2955 316 2996 atomus
361 2964 496 3007 eaque
536 2954 738 3006 declinet,
777 2955 821 2998 in
862 2955 970 3009 §48
1004 2955 1176 3012 scripsit
1209 2956 1380 3000 Cicero:
1424 2969 1532 3000 nam
1564 2960 1615 3000 ut
1648 2962 1824 3002 essent

145 3030 291 3082 atomi,
327 3042 455 3084 quas
489 3030 693 3084 quidem
727 3043 838 3075 05εο
869 3032 997 3075 mihi
1019 3032 1244 3086 probari
1273 3033 1423 3077 nullo
1456 3034 1604 3078 ‘modo
1628 3038 1822 3090 potest.

273 3193 303 3249 ¹)
334 3192 505 3235 Nomina
531 3206 738 3236 causarum
764 3194 789 3247 ἓ
810 3199 852 3236 19
873 3196 1005 3237 omnia
1023 3195 1076 3237 ad
1094 3196 1368 3250 chrysippum
1388 3198 1696 3240 accommodata
1716 3204 1821 3241 sunt.

1565 3280 1586 3321 3
