2311 3772
365 224 391 265 6

491 350 715 394 Ciceronis
763 352 816 396 de
862 353 952 397 fato
999 357 1256 410 opusculum
1289 356 1335 398 in
1369 355 1592 401 codicibus
1626 372 1795 415 semper
1827 373 1914 403 una
1947 373 2043 403 cum

361 425 485 468 libris
526 425 580 468 de
616 430 773 470 natura
808 429 987 472 deorum
1024 434 1065 474 et
1099 431 1153 474 de
1188 431 1454 474 divinatione
1489 433 1686 477 traditur.
1751 437 1846 480 Hoc
1879 449 2042 480 summo

362 501 455 544 iure
489 501 551 544 fit:
593 517 694 545 nam
729 507 771 547 et
807 505 961 549 eodem
996 520 1109 550 anno
1145 510 1262 550 certe
1297 521 1381 562 quo
1415 508 1517 551 libri
1552 509 1605 552 de
1642 511 1908 556 divinatione
1942 526 2042 557 con-

361 578 568 632 scriptum
618 582 748 633 atque
800 581 962 624 editum
1014 587 1077 625 est
1128 586 1169 626 et
1218 597 1313 626 cum
1358 584 1445 626 illis
1491 585 1680 627 maxima
1724 587 1787 628 rei
1831 591 2042 632 tractatae

361 653 645 696 similitudine
681 656 971 700 coniunctum.

487 728 635 784 Atque
685 730 738 773 de
783 734 979 788 tempore
1026 734 1199 788 quidem
1245 748 1330 790 quo
1375 736 1583 791 prodierit
1628 752 1681 780 ex
1721 735 1799 796 §2
1834 739 2043 794 prooemii

361 803 565 847 discimus
612 807 837 862 aliquanto
881 812 983 864 post
1026 811 1243 853 interitum
1280 811 1477 856 Caesaris
1520 813 1679 856 librum
1712 817 1906 858 nostrum
1940 827 2040 858 con-

361 883 567 936 scriptum
614 887 657 926 et
700 886 926 938 vulgatum
969 900 1081 940 esse,
1127 887 1257 941 idque
1291 902 1378 930 non
1412 891 1548 931 multo
1583 894 1682 944 post
1714 891 1817 933 Idus
1851 893 2041 945 Martias,

362 958 567 1011 quoniam
602 958 646 999 in
682 956 759 1017 §2
797 960 947 1003 eodem
985 961 1074 1004 fere
1109 962 1236 1004 modo
1272 965 1401 1017 atque
1436 964 1480 1005 in
1515 963 1567 1007 de
1603 964 1688 1008 div.
1707 966 1840 1021 11g7
1876 965 1931 1009 de
1960 967 2039 1009 illo

363 1044 467 1074 casu
502 1035 547 1074 ut
583 1033 635 1075 de
670 1048 785 1077 nova
818 1048 864 1077 re
900 1035 1067 1088 dicitur,
1102 1038 1286 1079 maxime
1321 1051 1424 1081 vero
1460 1039 1575 1093 quod
1609 1041 1791 1083 libellus
1814 1044 1960 1084 noster
1984 1041 2039 1083 ad

362 1108 545 1149 Hirtium
581 1110 766 1163 scriptus
802 1114 866 1151 est
901 1111 969 1165 (ἐξ
995 1113 1022 1152 2
1059 1115 1101 1153 et
1134 1113 1200 1165 8):
1236 1127 1321 1166 quo
1357 1115 1469 1155 enim
1506 1116 1687 1157 consilio
1711 1116 1863 1158 ductus
1888 1118 2038 1160 Cicero

359 1182 402 1224 id
438 1182 607 1237 fecerit,
646 1197 698 1226 ex
735 1186 857 1239 epist.
891 1185 947 1227 ad
981 1187 1115 1228 Attic.
1139 1187 1243 1228 XIV
1268 1188 1326 1229 20
1358 1191 1400 1230 et
1430 1190 1486 1230 21
1525 1192 1568 1232 et
1601 1190 1681 1232 XV
1708 1192 1728 1232 1
1753 1204 1845 1246 sqq.
1881 1205 2038 1246 cogno-

358 1258 512 1299 scitur:
564 1259 624 1300 sic
673 1259 880 1302 videlicet
930 1260 1146 1303 hommem
1197 1263 1258 1304 ad
1306 1264 1536 1316 optimates
1583 1266 1807 1309 traducere
1840 1269 2042 1321 parabat

358 1334 479 1389 (XIV
504 1336 576 1387 21,
601 1335 660 1389 4).
727 1336 813 1379 Sed
860 1336 1198 1380 intercesserunt
1237 1340 1348 1382 inter
1384 1339 1581 1384 Caesaris
1623 1356 1771 1386 necem
1806 1344 2038 1399 libellique

357 1410 493 1452 nostri
538 1409 772 1453 editionem
818 1414 861 1454 et
907 1413 1131 1467 colloquia
1174 1414 1254 1456 illa
1298 1415 1343 1456 in
1377 1416 1618 1460 Puteolano
1661 1417 1794 1474 facta,
1839 1432 1950 1475 quac
1990 1433 2037 1464 re

358 1499 462 1527 vera
496 1486 647 1528 habita
681 1500 787 1540 esse,
822 1489 857 1529 si
890 1502 977 1530 non
1012 1489 1066 1531 de
1101 1490 1204 1542 fato,
1241 1494 1284 1532 at
1318 1496 1433 1534 certe
1469 1493 1522 1535 de
1557 1507 1603 1535 re
1633 1494 1825 1548 publica,
1860 1509 1913 1537 ex
1937 1510 2037 1539 con-

357 1574 486 1603 sensu
521 1561 595 1617 §2
633 1565 675 1604 et
710 1564 991 1618 epistularum
1027 1568 1218 1620 apparet,
1255 1569 1296 1609 et
1329 1567 1509 1610 secundi
1543 1568 1597 1611 de
1633 1569 1901 1613 divinatione
1935 1572 2037 1615 libri

356 1636 571 1679 confectio
605 1638 681 1692 (de
717 1639 868 1682 div.11
904 1639 1049 1695 §3).1>

482 1713 711 1757 Artissime
748 1717 890 1758 autem
927 1717 1201 1759 coniunctam
1236 1730 1329 1761 esse
1364 1718 1700 1774 disputationem
1735 1720 1789 1764 de
1822 1720 1914 1765 fato
1940 1736 2035 1766 cum

353 1787 477 1830 libris
523 1788 577 1831 de
623 1790 891 1832 divinatione
928 1790 1079 1834 Cicero
1125 1793 1217 1847 ipse
1265 1793 1369 1835 dicit
1410 1794 1482 1848 (de
1519 1795 1603 1837 div.
1627 1796 1670 1837 II
1705 1796 1819 1852 §3):
1985 1799 2036 1841 de

355 1864 626 1908 divinatione
665 1868 853 1921 Γἰνιρνεεεὶ
891 1881 1042 1911 sumus
1083 1870 1150 1911 his
1194 1871 1314 1912 libris
1348 1872 1551 1922 seribere;
1597 1873 1770 1924 quibas,
1809 1876 1861 1915 ut
1893 1877 1958 1916 est
1988 1876 2036 1917 in

354 1942 520 1991 anime,
569 1941 620 1984 de
662 1943 761 1996 fato
807 1944 847 1986 si
893 1944 1241 1999 adiunxerimus,
1288 1947 1370 1989 erit
1402 1947 1574 1990 abunde
1607 1949 1718 1992 satis
1750 1949 1922 2003 factam
1958 1952 2037 1994 tot-c·

354 2017 454 2059 huie
488 2020 746 2070 quaestioni.
803 2021 919 2074 Ergo
956 2034 1084 2074 quam
1115 2021 1169 2064 de
1193 2021 1283 2064 fato
1308 2026 1584 2077 suscepturus
1608 2027 1702 2066 erat
1724 2026 2033 2079 quaestionem,

353 2107 405 2136 ea
455 2095 656 2138 Ciceroni
719 2097 842 2150 quasi
901 2111 1003 2152 pars
1059 2098 1289 2141 videbatur
1339 2113 1434 2143 esse
1483 2101 1612 2143 totius
1664 2101 1717 2144 de
1767 2101 2034 2147 divinatione

352 2171 672 2228 quaestionis.2)
738 2172 851 2225 Quin
896 2174 1023 2215 etiam
1071 2187 1125 2216 ex
1169 2176 1188 2216 I
1223 2175 1360 2231 §127
1406 2179 1449 2219 et
1489 2176 1531 2219 II
1565 2176 1588 2233 ξ
1617 2178 1671 2219 19
1717 2178 1822 2221 licet
1866 2191 2033 2223 sumere

352 2247 553 2300 operibus
605 2248 658 2289 ad
710 2248 845 2291 libros
896 2249 949 2290 de
998 2249 1264 2292 divinatione
1311 2252 1646 2295 conscribendos
1690 2255 1815 2296 lectis
1859 2256 2032 2297 omnino

352 2321 604 2365 Ciceronem
639 2322 873 2367 adductum
909 2337 1017 2377 esse,
1063 2328 1108 2367 ut
1146 2325 1199 2369 de
1233 2325 1322 2369 fato
1357 2327 1546 2371 scribere
1582 2328 1808 2372 consilium
1844 2333 2030 2386 caperet.

480 2400 593 2441 Tota
628 2414 732 2442 vero
766 2402 846 2442 illa
882 2401 935 2443 de
961 2402 1225 2444 divinatione
1249 2405 1444 2457 quaestio
1471 2405 1670 2447 Ciceroni
1694 2419 1823 2459 quam
1846 2407 2031 2449 maxime

351 2488 480 2517 curae
521 2475 665 2531 fuit3):
707 2491 807 2520 nam
851 2491 946 2521 cum
990 2478 1181 2521 secundo
1223 2478 1278 2522 de
1319 2483 1473 2522 natura
1508 2480 1685 2524 deorum
1719 2482 1830 2525 libro
1866 2481 1920 2526 de
1954 2496 2030 2526 suo

479 2601 509 2643 1)
538 2599 762 2638 Exordium
799 2600 890 2639 libri
927 2600 1072 2649 prioris
1108 2605 1201 2640 ante
1229 2601 1327 2641 Idus
1353 2602 1517 2642 Martias
1544 2604 1734 2654 scriptum
1763 2616 1853 2645 esse
1881 2606 2030 2647 collato

351 2661 519 2699 exordio
558 2662 729 2699 secundi
764 2662 855 2700 libri
890 2664 1150 2712 perspicuum
1189 2669 1266 2714 est;
1303 2669 1437 2704 utrum
1471 2666 1490 2704 I
1519 2667 1540 2716 ξ
1566 2670 1634 2704 119
1667 2671 1813 2716 postca
1840 2669 2030 2709 confecto

350 2722 453 2762 libro
489 2723 630 2762 addita
665 2735 714 2763 an
749 2728 836 2763 tota
872 2726 1074 2775 posterior
1107 2727 1226 2767 huius
1261 2727 1350 2767 libri
1377 2740 1469 2779 pars
1496 2732 1590 2779 post
1616 2730 1820 2771 interitum
1848 2732 2029 2773 Caesaris

351 2788 440 2825 orta
471 2786 542 2836 sit,
580 2786 804 2826 diiudicare
830 2800 910 2827 non
938 2800 1172 2838 possumus:
1211 2802 1289 2842 ego
1318 2791 1483 2841 quidem
1511 2792 1611 2832 illud
1637 2794 1889 2844 probabilius
1914 2799 2027 2847 puto.

477 2850 510 2899 2)
538 2849 732 2890 Conferas
759 2851 837 2889 iam
864 2851 930 2890 hic
957 2852 1008 2892 de
1035 2852 1118 2893 fato
1148 2853 1171 2905 ξ
1195 2857 1251 2893 11.

477 2914 509 2963 3)
538 2913 651 2961 Quae
686 2926 751 2954 res
786 2927 877 2954 cum
904 2927 978 2967 per
1004 2929 1049 2957 se
1076 2919 1420 2960 accommodatior
1449 2923 1534 2961 erat
1560 2922 1833 2963 Romanorum
1860 2926 2027 2964 naturae

348 2981 388 3016 et
407 2977 602 3017 institutis
624 2990 743 3028 quam
762 2979 950 3019 subtilior
969 2984 1009 3020 et
1029 2983 1221 3022 remotior
1240 2983 1291 3023 de
1309 2983 1393 3023 fato
1415 2985 1646 3038 disputatio,
1670 2991 1756 3027 tum
1774 2987 2027 3037 temporibus

346 3040 553 3081 Ciceronis
598 3043 921 3093 convenientior,
972 3045 1158 3095 quoniam
1203 3046 1312 3086 inter
1350 3048 1462 3099 ipsos
1502 3062 1694 3102 aayures,
1743 3054 1877 3090 utrum
1919 3055 2028 3091 esset

346 3104 541 3144 divinatio
569 3117 712 3154 necne,
738 3118 889 3156 mayna
916 3111 1000 3146 tum
1028 3108 1224 3149 dissensio
1245 3114 1329 3150 erat
1347 3112 1418 3161 (de
1437 3113 1517 3163 leg.
1533 3113 1574 3152 II
1593 3113 1616 3164 ξ
1633 3115 1716 3163 32);
1745 3113 1797 3152 cf.
1812 3113 2026 3164 wissowa‚

346 3166 436 3207 Rel.
457 3179 495 3208 u.
519 3168 629 3208 Kult.
651 3168 688 3209 d.
710 3168 759 3209 R.
787 3180 881 3221 pag.
902 3174 988 3210 460.
1025 3170 1170 3223 Itaque
1197 3172 1433 3215 Ciceronem
1461 3176 1513 3216 de
1540 3176 1789 3217 divinatione
1814 3176 2026 3228 scripsisse
