2311 3772
441 254 502 298 22

569 382 737 436 Quibus
779 385 922 429 causis
962 384 1158 428 omnibus
1198 384 1301 427 satis
1340 382 1444 426 mihi
1483 382 1655 427 videtur
1687 386 1863 441 probari
1897 386 2117 430 alterum

441 462 612 504 locum
654 461 715 504 de
755 461 1017 505 industria
1057 461 1119 504 ad
1159 461 1452 514 exemplum
1485 460 1679 515 prioris
1713 474 1827 504 esse
1861 463 2117 506 effectum.

443 536 647 589 Cicer0,
709 539 937 591 postquam
997 537 1222 591 priorem
1278 534 1550 590 conscripsit,
1610 534 1723 590 ipse
1776 536 1951 592 inum1)
2006 537 2117 580 imi-

443 614 583 655 tatus
624 615 712 655 est

572 686 845 741 Quaerimus,
880 700 956 731 cur
988 687 1072 730 hoc
1104 686 1268 731 fecerit.
1332 685 1588 729 Mirabiliter
1620 685 1882 729 conveniunt
1914 685 2117 729 observa-

442 764 602 817 tiones,
646 776 753 818 quas
799 777 930 819 supra
973 763 1027 806 de
1069 764 1214 806 libelli
1254 763 1529 807 Ciceroniani
1573 763 1713 805 altera
1756 764 1879 818 parte
1925 760 2117 816 fecimus,

445 852 542 881 cum
588 839 668 892 eis,
712 852 824 893 quae
868 838 940 881 hic
983 841 1226 882 occurrunt.
1293 838 1394 881 Sine
1436 837 1566 880 dubio
1600 838 1751 882 Cicero
1790 838 1912 880 illam
1951 840 2117 892 partem

443 911 557 971 περὶ
592 911 825 957 δυνατῶν
863 926 917 955 ex
949 913 1033 956 hoc
1067 914 1162 968 ipso
1197 915 1400 956 contextu
1435 913 1687 955 abstulerat.
1752 912 1864 954 Tum
1898 914 2040 955 autem
2072 912 2118 953 in

445 988 738 1044 disputatione
767 987 852 1031 huc
881 1001 1136 1044 progressus
1165 1001 1345 1032 necesse
1375 988 1680 1031 animadvertit
1705 1001 1800 1032 esse
1823 1001 1918 1031 eam
1941 990 2118 1044 partem,

444 1077 557 1118 quae
601 1064 762 1106 verbis:
806 1064 900 1106 Nee
944 1077 1025 1107 nos
1070 1064 1276 1117 impediet
1317 1063 1561 1117 incohatur,
1607 1077 1702 1107 cum
1744 1077 1813 1117 ea,
1858 1077 1969 1118 quae
2004 1063 2119 1119 apud

442 1140 583 1194 ipsum
617 1139 905 1181 antecedebat
938 1139 1005 1194 (ἐξ
1030 1138 1248 1193 20-25),
1283 1141 1525 1180 conectere.

568 1215 686 1269 Ergo
718 1227 979 1269 reponamus
1013 1214 1058 1256 in
1093 1227 1215 1256 suum
1249 1215 1392 1256 locum
1427 1213 1476 1270 ἐξ
1506 1214 1560 1255 13
1596 1217 1639 1257 et
1678 1215 1753 1268 14,
1792 1215 1988 1270 17—20,
2021 1218 2120 1271 post

442 1288 468 1348 ξ
494 1290 565 1334 25.
616 1291 730 1333 Num
765 1290 923 1344 aliqua,
958 1292 1075 1333 certe
1110 1302 1198 1331 non
1222 1290 1369 1343 multa,
1403 1289 1448 1331 in
1471 1289 1686 1346 principio
1708 1289 1753 1346 (ξ
1776 1291 1851 1345 13)
1874 1291 2120 1346 supplenda

441 1367 537 1420 sint,
572 1379 770 1419 quaeque
805 1378 857 1407 ea
889 1366 986 1419 sint,
1020 1366 1146 1420 parvi
1178 1365 1383 1420 ponderis
1408 1368 1484 1408 est.
1539 1366 1622 1408 Per
1652 1365 1966 1421 digressionem
1989 1366 2120 1420 igitur

440 1441 658 1497 quandam
708 1441 969 1496 copulantur
1017 1441 1131 1483 inter
1180 1453 1226 1483 se
1278 1440 1518 1484 sententiae
1569 1440 1804 1497 Chrysippi
1853 1445 1895 1485 et
1939 1441 2120 1485 Diodori

441 1519 499 1571 (v.
531 1531 573 1573 p.
602 1516 698 1573 16),
744 1520 834 1559 tum
879 1516 934 1559 ad
979 1517 1275 1571 quaestionem
1319 1517 1457 1571 ipsam
1497 1516 1663 1559 reditur
1703 1518 1848 1560 verbis
1879 1518 1986 1560 illis:
2037 1517 2122 1572 Qui

444 1593 564 1635 locus
605 1593 788 1645 attinyit
828 1592 943 1634 hanc
983 1593 1291 1644 quaestionem.
1358 1591 1564 1641 Quaestio
1605 1594 1748 1633 autem
1788 1591 1916 1644 haec,
1956 1593 2001 1633 in
2035 1605 2121 1647 qua

440 1667 582 1710 media
616 1679 856 1720 versamur,
891 1680 943 1710 ea
977 1669 1059 1719 est,
1095 1680 1206 1721 quae
1241 1681 1266 1708 a
1301 1666 1408 1721 §20
1443 1670 1485 1709 et
1518 1667 1742 1722 proposita
1773 1667 1854 1709 illa
1888 1667 2121 1723 Chrysippi

440 1743 720 1786 conclusione
754 1741 988 1785 exorditur.
1044 1742 1112 1784 Ita
1146 1742 1351 1797 expedita
1385 1745 1427 1785 et
1455 1743 1687 1798 perspicua
1709 1756 1852 1785 rerum
1875 1744 2120 1786 coniunctio

439 1822 482 1862 et
514 1818 763 1874 progressio
797 1820 1147 1873 argumentorum
1169 1818 1422 1862 renascitur.
1477 1818 1707 1862 Manifesto
1732 1819 1846 1861 enim
1869 1819 1918 1875 ἐξ
1941 1820 1996 1862 18
2015 1832 2120 1874 sqq.,

439 1908 701 1950 quamquam
733 1894 1064 1951 proficiscuntur
1087 1908 1113 1937 a
1136 1894 1391 1950 quaestione
1425 1892 1539 1953 περὶ
1569 1892 1814 1949 δυνατῶν,
1850 1895 1906 1938 ad
1929 1898 2120 1939 nostram

438 1974 641 2026 spectant
689 1974 877 2026 partem,
929 1984 1025 2013 cum
1073 1972 1123 2013 iis
1173 1970 1501 2014 fundamentum
1552 1971 1843 2014 conclusionis
1888 1970 2122 2027 Chrysippi

439 2046 717 2100 defendatur,
770 2059 895 2089 omne
942 2048 1217 2089 enuntiatum
1264 2049 1344 2089 aut
1385 2059 1533 2089 verum
1577 2049 1657 2089 aut
1698 2047 1869 2100 falsum
1913 2059 2003 2090 esse
2047 2046 2121 2103 (cf.

439 2125 462 2175 ξ
491 2124 547 2164 19
581 2121 670 2178 in.).
733 2122 1020 2165 Contenditur
1053 2121 1137 2164 hoe
1171 2135 1259 2163 non
1293 2122 1432 2163 minus
1467 2121 1521 2163 de
1553 2121 1708 2163 futuris
1743 2134 1872 2175 quam
1908 2122 1962 2164 de
1996 2121 2121 2165 factis

438 2199 609 2241 valere:
645 2210 700 2240 ex
735 2197 954 2240 sententIa
987 2196 1183 2251 Diodori,
1216 2197 1331 2239 nihil
1363 2197 1470 2250 fieri,
1505 2198 1622 2250 quod
1652 2209 1742 2240 non
1773 2209 1945 2241 necesse
1972 2198 2120 2252 fuerit,

442 2278 483 2317 et
525 2274 739 2327 quidquid
780 2274 878 2326 fleri
905 2274 1071 2327 possit,
1116 2274 1164 2315 id
1204 2276 1284 2315 aut
1322 2285 1413 2316 esse
1450 2274 1541 2315 iam
1575 2275 1655 2315 aut
1685 2274 1888 2327 futurum
1922 2286 2031 2325 esse,
2075 2274 2121 2317 id

440 2363 613 2405 quoque
653 2350 794 2405 sequi,
835 2363 889 2393 ex
929 2350 1044 2392 veris
1085 2350 1130 2392 in
1168 2348 1283 2392 falsa
1315 2362 1403 2392 non
1437 2349 1574 2404 magis
1608 2350 1863 2392 commutari
1896 2363 2023 2405 posse
2058 2364 2120 2404 ea,

440 2439 552 2481 quae
575 2425 731 2479 futura,
765 2438 895 2480 quam
919 2438 983 2478 ea,
1018 2438 1129 2480 quae
1153 2425 1274 2468 facta
1297 2425 1395 2474 sint,
1418 2426 1464 2467 in
1485 2426 1678 2480 utrisque
1703 2425 1886 2468 eandem
1908 2438 2122 2480 apparere

439 2501 847 2544 immutabilitatem.

568 2576 654 2620 Sed
700 2577 762 2620 sic
807 2575 988 2620 defenso
1032 2577 1114 2620 illo
1160 2575 1393 2633 Chrysippi
1437 2576 1651 2633 principio
1696 2588 1857 2619 novum
1900 2575 2123 2633 impendet

440 2654 703 2708 periculum,
743 2666 799 2694 ne
840 2666 891 2694 eo
932 2653 1059 2694 simul
1098 2652 1176 2694 fati
1209 2653 1448 2695 necessitas
1481 2652 1722 2695 adiuvetur.
1787 2653 2026 2708 Propterea
2058 2654 2121 2696 sic

442 2730 655 2784 pergitur:
690 2742 777 2771 non
811 2741 989 2771 necesse
1025 2742 1138 2781 esse,
1175 2742 1271 2771 cum
1305 2728 1415 2770 haec
1448 2729 1509 2770 ita
1541 2729 1638 2781 sint,
1672 2727 1808 2770 fatum
1842 2729 2121 2772 extimescere

443 2807 517 2847 aut
561 2803 823 2859 praesidium
867 2805 1018 2858 petere
1066 2803 1120 2845 ab
1167 2802 1458 2846 declinatione
1492 2805 1730 2846 atomorum
1764 2804 1958 2860 Epicuri,
2004 2803 2121 2860 quod

441 2881 610 2923 nullum
656 2892 753 2923 esse
796 2880 949 2935 possit:
995 2879 1072 2922 sed
1116 2878 1210 2922 fieri
1254 2891 1402 2934 posse,
1448 2881 1494 2921 ut
1534 2882 1583 2921 et
1625 2879 1761 2922 illud
1804 2880 2121 2936 principium

443 2955 745 2999 obtineatur
806 2959 856 2999 et
910 2958 1079 2999 tamen
1135 2958 1356 3011 negetur
1410 2954 1530 2998 inde
1586 2955 1735 2999 effici
1789 2956 1958 2999 omnia
2011 2955 2120 2999 fato

572 3067 602 3115 ¹)
630 3066 817 3105 Latinum
848 3066 1022 3115 scilicet,
1056 3066 1099 3105 id
1131 3066 1243 3117 quod
1269 3065 1488 3106 verborum
1515 3066 1777 3106 similitudine
1804 3065 2045 3107 ostenditur.
2072 3087 2122 3092 -—

442 3129 628 3168 Ceterum
656 3129 738 3169 tale
766 3130 865 3179 quid
891 3129 978 3169 fieri
1003 3130 1190 3180 potuisse
1216 3129 1340 3170 video
1367 3129 1445 3169 iam
1473 3129 1772 3170 Schmekelium
1803 3130 1858 3179 (p.
1876 3132 1946 3168 175
1973 3127 2063 3166 adn.
2080 3128 2121 3176 2)

444 3203 536 3231 esse
564 3191 825 3242 suspicatum.
