2356 3758
439 280 500 327 40

439 412 517 455 vel
547 410 808 466 contagione
830 424 991 454 rerum:
1027 423 1081 453 ex
1104 407 1358 452 aeternitate
1382 404 1525 448 omnia
1547 404 1820 448 naturalibus
1843 405 1984 448 causis
2005 404 2116 447 inter

441 501 487 532 se
522 496 691 532 conexa
725 500 819 530 esse
854 489 897 530 et
925 485 1234 529 immutabilem
1258 495 1352 526 esse
1375 481 1489 524 hunc
1513 480 1708 523 ordinem
1731 493 1956 524 causarum
1980 484 2115 524 aeter-

441 577 614 617 narum3
648 562 994 619 respondebatur
1027 562 1209 619 primum
1234 559 1287 603 de
1312 558 1568 613 contagione
1589 569 1732 599 rerum
1756 557 1852 611 ipsa
1875 556 1916 611 (ἓ
1938 558 1995 612 7),
2028 559 2117 599 tum

443 641 498 685 de
533 640 883 683 immutabilitate
917 652 1139 684 causarum
1173 636 1240 694 (ἐξ
1264 638 1292 679 8
1311 636 1438 691 sqq.),
1481 646 1621 689 neque
1656 646 1759 676 vero
1793 632 1838 674 in
1871 632 2119 675 universum

445 717 681 773 disputatio
715 715 857 769 fiebat,
892 715 968 758 sed
1003 715 1059 758 ad
1093 712 1463 757 dissimilitudines
1497 711 1637 754 solum
1672 707 1966 765 spectabatur,
2008 719 2118 761 quae

445 796 591 837 essent
623 794 669 834 in
691 793 856 834 naturis
879 791 1118 834 hominum:
1152 790 1273 832 nasci
1297 801 1399 832 sane
1423 787 1618 831 homines
1641 787 1795 828 natura
1818 783 2052 827 dissimiles
2078 785 2120 825 et

446 870 556 913 alios
590 869 645 912 ad
674 869 763 911 alia
785 867 1089 924 propensiores
1112 868 1290 922 propter
1313 877 1467 908 causas
1490 863 1711 906 naturales
1735 863 1778 905 et
1801 858 2121 912 antecedenteS,

447 950 491 990 at
530 948 773 990 nostrarum
814 945 1085 987 voluntatum
1126 945 1255 997 atque
1294 942 1608 997 appetitionum
1643 951 1792 983 causas
1825 937 2046 980 naturales
2081 937 2124 978 et

449 1021 760 1066 antecedentes
805 1034 893 1063 non
938 1032 1050 1074 esse,
1097 1019 1224 1061 immo
1259 1019 1303 1060 in
1336 1020 1485 1060 nostra
1518 1018 1734 1072 potestate
1768 1028 1880 1068 esse,
1925 1025 2035 1069 quae
2070 1025 2124 1054 ex

448 1097 721 1141 naturalibus
756 1096 896 1138 causis
929 1096 1078 1137 innata
1113 1096 1266 1146 essent,
1301 1094 1407 1134 vitia
1440 1093 1615 1135 vincere
1651 1095 1694 1135 et
1718 1091 1971 1146 exstirpare.
2019 1089 2125 1133 Cum

446 1174 556 1217 haec
590 1171 646 1216 ad
679 1184 819 1215 mores
853 1162 1016 1231 (ἦθος)
1051 1171 1280 1225 spectaret,
1315 1169 1487 1211 altera
1518 1179 1620 1222 pars
1653 1167 1786 1222 plane
1816 1159 1991 1226 λογική
2013 1166 2125 1217 erat;

448 1250 487 1292 ei
535 1247 760 1303 proposita
810 1248 904 1287 erat
951 1244 1183 1299 Chrysippi
1229 1243 1281 1286 de
1327 1241 1693 1285 enuntiationibus
1739 1241 1983 1284 conclusio:
2033 1240 2126 1281 iure

447 1324 737 1379 Chrysippum
772 1320 1018 1365 defendisse
1049 1333 1218 1363 omnem
1243 1318 1583 1362 enuntiationem
1606 1319 1680 1360 aut
1703 1330 1851 1360 veram
1875 1318 1948 1359 aut
1971 1314 2127 1359 falsam

446 1414 559 1454 esse3
605 1398 683 1443 sed
729 1398 845 1454 quod
878 1397 980 1441 inde
1014 1397 1137 1452 sequi
1171 1395 1388 1439 docuisset
1422 1394 1567 1438 omnia
1601 1393 1691 1437 fato
1725 1392 1836 1447 fieri,
1881 1405 1968 1436 non
2000 1404 2127 1448 posse

445 1477 639 1534 probari3
682 1488 825 1531 neque
870 1486 975 1517 vero
1010 1474 1245 1529 Epicurum
1289 1475 1452 1515 rectam
1497 1470 1717 1513 invenisse
1762 1470 1897 1523 viam,
1943 1482 2030 1523 qua
2075 1481 2130 1511 ex

447 1554 515 1598 his
567 1553 779 1609 angust-iis
828 1553 975 1607 posset
1025 1550 1172 1606 effugi,
1223 1562 1319 1593 cum
1371 1548 1464 1591 sine
1515 1559 1646 1590 causa
1691 1548 1856 1589 atomos
1902 1544 2129 1588 declinare

449 1627 647 1673 dixioeet:
694 1630 864 1671 nullum
910 1628 1002 1670 sine
1048 1640 1178 1669 causa
1212 1628 1372 1668 motum
1407 1637 1513 1669 esse.
1580 1623 1696 1677 Ergo
1730 1635 1818 1664 non
1852 1621 1906 1663 ab
1942 1621 2129 1676 Epicuro

448 1705 712 1762 praesidium
758 1702 995 1759 petendum
1031 1715 1124 1745 esse
1159 1702 1204 1743 in
1237 1699 1548 1755 Chrysippum,
1593 1697 1669 1741 sed
1703 1712 1729 1739 a
1764 1696 2009 1749 Carneade,
2056 1695 2132 1751 qui

448 1785 565 1826 recte
598 1780 641 1824 id
676 1783 843 1824 tantum
878 1778 1144 1823 defendisset
1178 1802 1239 1809 ——
1273 1777 1357 1820 hoc
1390 1778 1489 1820 loco
1524 1788 1625 1831 pars
1659 1775 1799 1817 altera
1820 1773 1962 1830 prima
1984 1772 2133 1815 nititur

449 1885 510 1891 —-
546 1858 784 1901 voluntatis
830 1858 1006 1900 nostrae
1046 1868 1134 1898 non
1175 1867 1270 1898 esse
1304 1866 1458 1897 causas
1493 1854 1695 1895 externas
1729 1853 1772 1893 et
1806 1848 2133 1901 antecedentem

449 1949 539 1979 non
584 1934 758 1977 omnino
805 1933 897 1976 sine
943 1944 1092 1986 causa,
1137 1934 1181 1973 at
1225 1944 1302 1973 sua
1347 1932 1513 1972 tantum
1559 1930 1713 1970 natura
1758 1926 1924 1969 moveri
1968 1925 2134 1968 animos

450 2015 622 2055 nostros
674 2010 740 2067 (ἕξ
766 2009 992 2064 21—25).
1070 2009 1138 2050 Ita
1189 2008 1409 2050 decertato
1454 2005 1685 2059 Chrysippi
1736 2006 1778 2047 et
1822 2003 2134 2058 Epicureorum

452 2087 701 2140 certamine,
725 2088 878 2128 neutro
902 2085 1079 2126 illorum
1104 2082 1278 2126 omnino
1301 2081 1497 2137 probato,
1520 2080 1707 2135 Epicuro
1726 2080 1859 2134 plane
1878 2077 2135 2132 improbato,

453 2162 680 2208 Carneade
725 2161 780 2203 ad
828 2161 1038 2203 auxilium
1085 2159 1318 2210 advocato,
1362 2157 1547 2213 primum
1588 2156 1863 2199 obtinebatur
1904 2153 2137 2208 Chrysippi

452 2240 505 2283 de
540 2238 909 2282 enuntiationibus
932 2236 1158 2288 sententia,
1193 2235 1319 2277 etiam
1343 2232 1397 2276 de
1421 2232 1575 2275 futurIs
1599 2231 1666 2287 (ἐξ
1692 2230 1888 2283 13-14,
1916 2230 2131 2284 17-18),

451 2319 542 2359 111111
574 2328 680 2358 vero
709 2313 1064 2370 propulsabatur,
1100 2324 1226 2366 quam
1250 2310 1330 2352 ille
1353 2307 1454 2352 inde
1478 2308 1766 2360 concluserat,
1799 2305 2036 2349 necessitas
2058 2303 2138 2347 fati

453 2394 527 2433 aut
561 2391 795 2432 aeternitas
831 2401 1075 2431 causarum:
1111 2385 1437 2429 concedendum
1471 2397 1565 2427 esse
1599 2383 1710 2425 nihil
1745 2383 1837 2424 sine
1868 2381 2009 2424 causis
2032 2380 2137 2434 fieri,

453 2470 497 2511 at
537 2467 800 2509 interesse
845 2465 985 2507 inter
1031 2475 1213 2506 causas
1260 2463 1504 2504 aeternas
1549 2460 1769 2501 naturae
1816 2455 2138 2499 necessitate

454 2545 726 2586 manantes
790 2544 837 2584 et
900 2541 1039 2582 inter
1101 2550 1284 2581 causas
1347 2536 1568 2578 fortuito
1625 2536 1980 2587 antegressas:
2041 2532 2140 2573 illa

455 2631 724 2662 causarum
765 2616 1089 2659 aeternitate
1130 2613 1364 2656 homines
1397 2612 1573 2654 libera
1605 2610 1882 2652 voluntate
1917 2607 2142 2663 spoliari

455 2699 505 2738 et
549 2695 876 2738 necessitate
911 2691 1008 2734 fati
1044 2690 1275 2733 devinci:
1312 2701 1435 2742 ergo
1470 2687 1838 2730 aeternitatem
1872 2697 2141 2727 causarum

454 2769 750 2815 tollendam
793 2782 925 2820 esse3
966 2768 1028 2810 ita
1062 2778 1210 2809 omnes
1247 2764 1583 2816 enuntiationes,
1618 2774 1690 2805 eas
1727 2773 1916 2816 quoque,
1951 2773 2063 2815 quae
2097 2760 2142 2801 in

454 2848 600 2890 futura
633 2846 945 2902 prospicerent,
981 2855 1107 2886 veras
1141 2840 1315 2897 quidem
1351 2853 1447 2883 esse
1479 2853 1533 2882 ex
1557 2838 1824 2891 aeternitate,
1859 2849 2013 2880 causas
2035 2848 2141 2879 vero

456 2936 545 2966 non
579 2922 740 2966 habere
776 2935 830 2965 ex
854 2920 1109 2963 aeternitate
1132 2919 1359 2960 manantes
1384 2915 1450 2973 (ἐξ
1472 2915 1675 2968 18—19,
1702 2913 1919 2965 28—38).
1959 2910 2143 2954 Tertia

459 3000 646 3055 denique
702 3002 825 3054 parte
881 3010 960 3053 pro
1018 2994 1332 3040 consuetudine
1384 3006 1460 3036 sua
1510 2991 1852 3035 adversarios
1901 2989 2039 3031 inter
2088 2999 2142 3029 se

460 3077 752 3119 conciliare
776 3076 1017 3119 conabatur
1040 3071 1285 3116 Α11116611116
1298 3070 1348 3127 ¹):
1374 3069 1593 3113 nitebatur
1615 3068 1725 3112 haec
1750 3079 1922 3123 quoque
1944 3063 2142 3121 partibus

591 3236 621 3286 ¹)
642 3236 706 3275 De
720 3235 796 3274 hac
809 3237 924 3284 parte
939 3246 1019 3274 non
1034 3245 1138 3283 opus
1154 3235 1216 3273 est
1229 3231 1389 3282 singula
1402 3233 1588 3282 repetere
1603 3228 1839 3278 argumenta
1854 3223 1925 3275 (cf.
1939 3235 1979 3276 p.
1993 3226 2035 3263 31
2051 3223 2145 3278 sq.).
