2311 3772
533 892 621 973 De
667 929 980 985 compositione
1026 932 1067 973 et
1111 928 1231 973 fonte
1275 929 1377 972 libri
1411 928 1631 973 Ciceronis
1675 927 1728 971 de
1767 927 1856 971 fato
1888 927 2084 983 inscripti

404 1005 539 1047 fusius
584 1008 766 1059 egerunt
812 1005 1101 1060 Meineckius,
1146 1005 1466 1058 Schmekelius,
1511 1005 1729 1056 Stuevius3
1773 1004 1905 1047 fontis
1950 1016 2080 1059 quae-

406 1082 589 1124 stionem
623 1081 814 1124 breviter
848 1081 1060 1125 Gerckius
1096 1085 1138 1124 et
1171 1083 1322 1136 Hoyer
1356 1082 1604 1137 attigerunt.
1650 1080 1873 1124 Conducet
1898 1079 2083 1134 Gerckii,

406 1159 479 1212 qui
513 1158 675 1212 primus
710 1157 764 1199 de
792 1157 910 1199 fonte
934 1158 1077 1199 libelli
1101 1159 1238 1200 nostri
1262 1158 1520 1199 sententiam
1545 1158 1755 1212 vulgavit,
1791 1158 2082 1200 coniecturam

403 1236 557 1288 postea
598 1246 694 1275 cum
730 1231 997 1275 Schmekelii
1032 1233 1247 1275 sententia
1281 1231 1481 1275 conferre
1516 1235 1559 1275 et
1592 1247 1618 1274 a
1650 1231 1884 1275 Meincckii
1902 1233 1934 1286 1)
1969 1245 2083 1275 com-

403 1309 668 1350 mentatione
703 1308 871 1349 initium
905 1307 1061 1360 facere,
1109 1309 1182 1362 qui
1217 1308 1269 1350 de
1304 1307 1424 1349 fonte
1459 1307 1632 1362 quidem
1666 1308 1831 1350 censuit
1864 1307 1981 1363 (pag.
2009 1307 2083 1361 14)

402 1397 482 1438 per
523 1397 693 1425 omnem
733 1382 825 1425 fere
864 1383 1025 1425 librum
1059 1386 1253 1425 nostrum
1288 1383 1487 1426 Ciceroni
1520 1382 1743 1425 Posidonii
1776 1380 1888 1441 περὶ
1924 1378 2084 1440 εἱμαρ-

402 1456 552 1518 μένης
587 1472 696 1514 opus
731 1461 904 1513 praesto
938 1458 1087 1511 fuisse,
1134 1459 1367 1511 nonnulla,
1411 1458 1608 1513 inprimis
1644 1459 1845 1513 exempla
1878 1459 2084 1509 Romana,

404 1535 458 1576 ab
492 1536 587 1589 ipso
624 1547 720 1577 esse
755 1534 916 1576 addita.
977 1534 1038 1576 At
1061 1534 1339 1576 Posidonium
1370 1535 1526 1576 scimus
1551 1534 1623 1587 (de
1647 1534 1732 1576 div.
1756 1534 1777 1575 I
1800 1534 1849 1590 ἐξ
1872 1534 1958 1576 125
1973 1533 2085 1588 sqq.)

405 1611 648 1654 Stoicorum
683 1624 802 1653 more
838 1610 1084 1653 defendisse
1118 1609 1208 1653 fato
1242 1611 1385 1653 omnia
1410 1609 1516 1662 fieri,
1550 1609 1595 1652 id
1619 1609 1734 1665 quod
1757 1610 1915 1653 libello
1938 1612 2084 1653 nostro

403 1699 554 1727 verum
600 1699 695 1728 esse
737 1688 939 1739 negatum
984 1686 1128 1740 posita
1168 1690 1311 1727 autem
1351 1685 1460 1727 haec
1502 1685 1649 1739 opinio
1690 1688 1754 1728 est
1792 1686 1834 1726 in
1874 1685 1923 1740 ἐξ
1948 1685 2084 1738 5-7,

404 1774 458 1803 ex
492 1760 649 1814 quibus
683 1760 791 1815 ipsis
826 1761 971 1803 elucet
1003 1759 1118 1803 hunc
1152 1759 1326 1814 quidem
1351 1761 1495 1803 locum
1520 1759 1587 1816 (ἓξ
1607 1759 1747 1814 5-6)
1772 1772 1826 1802 ex
1848 1759 2083 1802 Posidonio

403 1849 498 1878 esse
533 1838 761 1890 sumptum,
795 1835 874 1877 sed
908 1835 1117 1889 deinceps
1155 1835 1209 1877 ad
1235 1836 1367 1877 alium
1392 1838 1611 1877 auctorem
1636 1835 1888 1878 Ciceronem
1911 1835 2085 1877 reverti.

404 1910 526 1963 Quae
566 1924 671 1954 vero
714 1911 768 1953 de
803 1911 986 1966 singulis
1018 1912 1215 1967 partibus
1249 1910 1519 1955 Meineckius
1554 1911 1820 1965 observavit,
1866 1911 1945 1954 etsi
1978 1924 2084 1954 non-

403 1988 528 2029 nulla
568 1986 797 2042 probanda
832 1990 947 2039 sunt,
988 1990 1133 2029 tamen
1168 1988 1311 2029 omnia
1345 1987 1435 2029 fere
1470 1988 1686 2030 erroribus
1721 1990 1819 2029 sunt
1854 1987 2083 2042 permixta3

404 2063 458 2105 de
506 2063 816 2118 compositione
863 2063 1050 2118 denique
1095 2064 1226 2106 totius
1269 2062 1573 2118 disputationis
1608 2065 1651 2105 et
1685 2063 1923 2106 conexione
1957 2075 2084 2118 argu-

404 2142 663 2193 mentorum,
706 2152 818 2193 quae
855 2142 987 2192 esset,
1021 2140 1291 2193 interrogare
1325 2140 1459 2193 plane
1494 2139 1646 2180 omisit.
1713 2137 1838 2189 Quod
1873 2138 2084 2193 exemplis

403 2215 607 2258 Romanis
651 2227 754 2257 usus
800 2217 865 2257 est
910 2214 966 2256 ad
1013 2214 1320 2258 discernendas
1366 2217 1513 2270 partes
1548 2214 1769 2258 Ciceronis
1810 2214 2008 2270 proprias
2043 2215 2086 2256 et

404 2304 427 2332 e
473 2290 592 2333 fonte
636 2291 863 2345 repetitas,
910 2292 1107 2345 neglexit
1151 2292 1287 2332 multa
1328 2303 1472 2332 eorum
1517 2304 1595 2345 pro
1631 2290 1805 2334 Graecis
1838 2291 2086 2333 introducta

405 2380 513 2419 esse,
547 2366 663 2409 unde
699 2368 892 2420 sequitur
924 2367 1092 2410 incerta
1127 2380 1221 2409 esse
1257 2366 1366 2409 haec
1401 2366 1573 2410 indicia.

534 2441 745 2486 Gerckius
761 2443 795 2498 2)
842 2445 985 2485 autem
1028 2456 1082 2485 ex
1124 2443 1354 2485 nonnullis
1388 2443 1497 2485 locis
1531 2443 1782 2498 posterioris
1815 2443 1951 2498 partis
1985 2442 2086 2484 libri

404 2519 458 2560 de
493 2519 582 2560 fato
619 2520 805 2561 coniecit
827 2519 1094 2561 Antiochum
1119 2520 1420 2562 Ascalonitam
1454 2520 1555 2561 libri
1584 2534 1609 2560 a
1633 2519 1844 2562 Cicerone
1879 2518 2085 2573 descripti

406 2596 628 2637 auctorem
672 2594 822 2636 fuisse:
868 2607 957 2636 non
992 2595 1133 2636 solum
1173 2593 1274 2637 inde
1310 2608 1335 2636 a
1369 2594 1472 2650 §31
1512 2593 1749 2636 Carneadis
1783 2594 2084 2636 auctoritatem

407 2670 614 2712 advocari
636 2672 854 2724 tamquam
879 2669 1131 2725 philosophi
1153 2670 1340 2723 victoris,
1366 2669 1441 2712 sed
1467 2671 1595 2713 etiam
1620 2669 1717 2726 §44
1739 2669 2083 2713 adversariorum

406 2747 644 2797 sententias
688 2747 750 2788 ita
785 2747 1026 2801 comparari
1061 2747 1278 2802 aliamque
1313 2747 1392 2789 alii
1426 2747 1487 2789 ita
1520 2746 1858 2801 accommodari,
1903 2749 1950 2789 ut
1983 2759 2084 2790 con-

408 2822 544 2863 clusio
579 2821 701 2864 fieret
733 2823 872 2864 verbis
907 2834 989 2873 eos,
1023 2835 1112 2864 mm
1141 2836 1187 2864 re
1218 2823 1442 2866 dissidere:
1479 2822 1594 2876 quod
1627 2825 1852 2877 utrumque
1877 2822 2085 2865 Antiochi

407 2901 532 2939 esset.
583 2898 901 2940 Demonstrabo
927 2898 1162 2941 Gerckium
1198 2898 1250 2941 de
1284 2899 1375 2940 illis
1408 2898 1697 2953 paragraphis
1731 2902 1850 2942 recte
1879 2899 2083 2950 sensisse;

407 2972 484 3016 sed
529 2971 764 3016 difficultas
804 2973 867 3016 rei
899 2974 1166 3029 postulabat,
1212 2976 1259 3016 ut
1292 2974 1412 3016 locos
1446 2973 1547 3017 illos
1581 2974 1770 3030 amplius
1803 2975 2009 3016 tractaret
2042 2974 2085 3014 ct

534 3097 564 3146 1)
592 3095 655 3135 De
683 3094 878 3146 fontibus,
908 3107 1013 3146 quos
1032 3096 1176 3136 Cicero
1196 3096 1237 3136 in
1255 3096 1394 3138 libello
1415 3096 1466 3137 de
1485 3096 1569 3137 fato
1589 3099 1756 3137 secutus
1775 3106 1867 3135 esse
1885 3094 2082 3135 videatur.

404 3161 545 3210 Progr.
574 3159 888 3197 Matienwerder
918 3162 1025 3198 1887.

535 3223 563 3273 ²)
593 3219 700 3262 Ann.
719 3221 858 3272 philol.
879 3221 1010 3272 suppl.
1031 3221 1129 3263 XIV
1156 3224 1292 3275 (1885)
1320 3236 1360 3274 p.
1381 3226 1467 3264 693.
