2356 3758
524 277 584 320 38

523 409 648 449 erant
681 408 907 461 tractatae,
943 410 985 450 et
1018 407 1080 450 sic
1114 406 1169 450 ad
1202 406 1383 462 primam
1405 403 1615 448 Antiochi
1643 407 1811 461 partem
1834 408 2046 462 pervenit,
2080 406 2199 451 cuius

521 482 692 525 initium
741 482 855 525 illud
904 484 1169 538 propositum
1216 484 1325 536 erat,
1375 494 1459 536 quo
1504 479 1610 534 quid
1654 481 1709 523 sit
1752 481 1886 525 fatum
1931 483 2199 536 describitur,

523 571 710 613 quocum
751 559 901 614 aliqua
938 560 1104 603 ratione
1143 570 1292 602 versus
1325 556 1543 601 Homerici
1576 558 1698 599 erant
1730 556 1876 601 iuncti.
1941 559 2200 603 Universam

523 635 579 678 de
623 634 714 678 fato
759 635 1019 679 sententiam
1053 635 1286 690 Chrysippi
1330 635 1409 677 etsi
1451 634 1643 676 breviter
1682 633 2037 688 comprehensam
2077 637 2200 679 initio

524 710 826 765 disputationis
871 712 1110 766 expositam
1145 710 1295 763 fuisse,
1340 712 1387 752 ut
1418 707 1719 751 Schmekelius
1754 709 1812 763 (p.
1841 707 1948 763 165)
1980 708 2200 762 iudicavit,

525 785 727 840 equidem
763 798 852 828 non
887 785 1030 828 credo.
1087 784 1207 836 Quae
1243 785 1429 840 denique
1457 783 1703 827 Macrobius
1726 782 1895 826 saturn.
1917 783 1981 825 111
2007 784 2077 837 16,
2097 784 2199 838 3sq.

524 863 692 917 narrat,
738 861 954 916 quomodo
1000 874 1096 904 cum
1145 861 1396 916 quaestione
1442 859 1496 904 de
1536 859 1625 903 fato
1664 859 1760 916 ipsa
1792 858 2074 914 cohaereant,
2118 872 2199 915 ego

524 950 611 980 non
644 949 820 992 possum
854 936 1017 979 videre.
1080 935 1292 987 Quoniam
1326 938 1467 979 autem
1502 937 1575 978 vix
1610 935 1785 978 dubium
1819 938 1895 988 est,
1930 935 2034 990 quin
2068 948 2121 978 ea
2152 949 2200 978 re

523 1026 628 1055 vera
673 1025 727 1054 ex
763 1011 983 1054 Ciceronis
1029 1011 1082 1053 de
1128 1011 1217 1054 fato
1262 1013 1420 1054 libello
1466 1012 1684 1067 exscripta
1727 1012 1830 1065 sint,
1877 1014 1951 1054 aut
1992 1011 2202 1066 prooemii

522 1087 690 1129 initium
735 1085 867 1129 fuisse
911 1086 1125 1140 suspicor,
1172 1089 1263 1139 aut,
1305 1085 1350 1128 id
1396 1086 1513 1141 quod
1557 1087 1694 1129 multo
1736 1086 1831 1129 veri
1870 1087 2051 1130 similius
2083 1088 2200 1143 puto,

522 1163 686 1205 alicubi
729 1162 894 1216 primae
940 1162 1146 1203 orationis
1187 1162 1374 1203 stetisse:
1423 1163 1516 1203 erat
1548 1161 1731 1204 fortasse
1764 1161 1954 1204 iucunda
1985 1162 2069 1205 hac
2102 1175 2201 1205 nar-

520 1238 767 1280 ratiuncula
806 1237 851 1278 in
894 1237 1190 1290 quaestionem
1233 1236 1524 1279 introductum
1563 1236 1712 1289 (simili
1745 1237 1817 1278 via
1849 1240 1980 1291 atque
2013 1238 2201 1292 exempli

520 1314 660 1367 gratia
694 1312 748 1354 de
783 1312 946 1354 invent.
969 1312 1023 1364 Il,
1045 1312 1066 1352 1
1089 1310 1220 1367 sqq.);
1255 1312 1384 1354 simul
1413 1312 1474 1353 ita
1496 1311 1626 1353 Hirtii
1650 1312 1972 1366 elegantissime
1997 1312 2201 1368 captabat

519 1387 887 1440 benevolentiam,
920 1389 1005 1429 viri
1037 1388 1121 1430 sibi
1155 1388 1410 1430 amicissimi
1443 1387 1573 1430 ethis
1595 1386 1765 1438 studiis,
1800 1388 1847 1430 in
1871 1389 2024 1441 quibus
2048 1388 2199 1432 Cicero

522 1477 550 1506 a
573 1464 773 1517 pueritia
805 1464 983 1513 «vixerat,
1020 1463 1155 1505 dediti
1186 1462 1227 1517 (ξ
1253 1464 1311 1515 2),
1346 1465 1388 1504 61
1422 1462 1652 1504 ostendere
1675 1466 1859 1520 poterat,
1894 1464 2200 1517 quaestionem,

522 1553 652 1595 quam
708 1539 1020 1594 suscepissent,
1078 1539 1426 1581 obscurissimam
1479 1542 1520 1581 et
1568 1539 1965 1592 implicatissimam
2013 1539 2200 1595 (Gellius

521 1615 668 1669 V112,
694 1611 767 1675 15)
794 1627 1043 1669 paucorum
1077 1615 1298 1657 hominum
1332 1627 1433 1657 esse.

648 1692 769 1734 Haec
819 1690 910 1734 fere
961 1690 1016 1734 de
1062 1690 1315 1747 fragmentis
1359 1691 1463 1734 mihi
1509 1693 1632 1734 erant
1677 1691 1882 1735 dicenda:
1931 1705 2028 1735 mea
2070 1692 2201 1748 igitur

521 1767 739 1811 sententia
783 1768 922 1810 multo
969 1767 1201 1822 plurimum
1247 1767 1302 1809 ad
1347 1768 1640 1821 quaestionem
1675 1770 1867 1811 nostram
1901 1767 1979 1811 fati
2011 1769 2093 1810 illa
2126 1768 2200 1812 de-

522 1842 658 1885 finitio
684 1842 958 1897 Chrysippea
985 1843 1122 1895 affert,
1156 1856 1285 1896 quam
1308 1843 1484 1885 Servius
1508 1843 1753 1897 exscripsit:
1788 1856 1916 1897 quam
1941 1843 1998 1885 ad
2018 1844 2200 1898 primam

524 1917 842 1973 disputationis
877 1930 988 1972 quae
1023 1920 1174 1972 exstat,
1208 1919 1376 1973 partem
1409 1916 1680 1960 referendam
1715 1930 1809 1962 esse
1844 1930 1975 1974 supra
2008 1919 2201 1974 exposui,

522 2007 604 2036 nec
639 1994 778 2035 minus
813 2006 963 2035 versus
997 1994 1251 2035 Homericos
1286 1994 1340 2035 ab
1376 1994 1620 2047 Augustino
1653 1994 1854 2046 traditos;
1894 1994 1947 2036 de
1982 1995 2199 2048 Aug.V2

519 2069 634 2112 idem
669 2082 748 2124 per
781 2082 827 2112 se
863 2071 1202 2112 consentaneum
1238 2072 1313 2111 est.
1369 2069 1436 2110 Ex
1470 2069 1625 2112 ceteris
1658 2069 1703 2111 id
1737 2082 1914 2123 sumam,
1948 2069 2199 2113 Ciceronem

519 2145 661 2200 prima
684 2144 879 2186 oratione
904 2143 959 2186 (16
985 2143 1240 2186 difficultate
1264 2147 1306 2186 et
1331 2144 1591 2186 obscuritate
1614 2144 1678 2186 rei
1701 2143 1773 2198 (cf.
1798 2144 1850 2186 de
1874 2147 1961 2187 nat.
1980 2144 2096 2187 deor.
2114 2145 2136 2186 Ι
2156 2146 2199 2199 1)

518 2220 654 2264 verba
687 2219 859 2273 fecisse,
893 2219 1090 2275 inprimis
1119 2220 1247 2262 etiam
1272 2219 1325 2262 de
1351 2219 1609 2275 Chrysippo,
1644 2233 1770 2274 quem
1793 2219 1903 2262 nihil
1927 2219 2200 2275 expedivisse

520 2296 721 2350 ostendit,
757 2309 853 2339 cum
888 2296 1016 2338 simul
1049 2296 1196 2350 aliquo
1223 2295 1350 2338 modo
1376 2296 1647 2339 assensiones
1669 2299 1894 2338 tractaret:
1929 2299 2070 2339 utrum
2093 2309 2199 2339 non·
2252 2348 2255 2351 Α

520 2374 644 2414 nulla
662 2373 693 2427 ¹)
718 2374 793 2414 aut
816 2386 870 2414 ex
893 2372 1114 2427 prooemio
1139 2373 1461 2426 qualicumque,
1492 2371 1608 2426 quod
1631 2371 1896 2414 Antiochum
1920 2371 2202 2426 disputationi

522 2460 624 2490 suae
674 2447 975 2503 praeposuisse
1026 2447 1254 2502 probabile
1300 2449 1382 2500 est,
1433 2446 1745 2500 adhibuerit,²)
1796 2448 1869 2488 aut
1910 2460 1935 2488 a
1975 2446 2200 2490 Carneade

521 2528 775 2579 argumenta
820 2527 973 2566 contra
1006 2524 1298 2578 Chrysippum
1341 2524 1612 2578 repetiverit,
1657 2537 1714 2565 an
1755 2524 1887 2577 plane
1927 2535 2029 2565 suus
2062 2522 2200 2578 fuerit,

524 2613 603 2655 pro
639 2602 757 2643 certo
793 2599 1035 2642 diiudicare
1068 2611 1157 2641 non
1190 2599 1274 2640 iam
1307 2599 1425 2641 licet.

651 2675 822 2717 Perisse
844 2675 977 2729 igitur
1001 2676 1168 2717 constat
1191 2676 1365 2729 praeter
1388 2674 1554 2715 initium
1577 2673 1752 2728 primae,
1788 2686 1916 2728 quam
1939 2674 2202 2728 vocavimus,

522 2752 657 2807 partis
682 2750 987 2806 disputationis
1011 2749 1374 2792 introductionem
1398 2750 1520 2791 illam
1539 2749 1758 2792 Ciceronis
1783 2749 2202 2806 descriptionemque

523 2830 566 2872 et
589 2827 925 2883 explicationem
951 2827 1266 2879 assensionum3
1291 2839 1404 2882 quae
1428 2828 1591 2881 quanta
1614 2824 1743 2870 fuerit
1763 2826 2024 2881 ignoramus.
2073 2826 2202 2870 Alias

521 2907 667 2959 partes
710 2902 924 2947 excidisse
959 2904 1084 2945 nulla
1119 2902 1276 2945 adsunt
1309 2902 1570 2956 testimonia,
1615 2915 1669 2945 116
1703 2903 1974 2964 suspiciones
2008 2903 2201 2957 quidem:

522 2980 726 3034 quoniam
782 2979 896 3021 enim
948 2979 1118 3021 minime
1168 2978 1396 3033 probabile
1447 2980 1511 3020 est
1558 2978 1603 3019 in
1653 2977 1944 3033 disputatione
1993 2976 2204 3019 Antiochi

652 3091 682 3139 ¹)
720 3089 841 3129 Certe
874 3100 955 3128 non
991 3088 1142 3139 omnia3
1182 3099 1274 3128 nam
1311 3099 1415 3139 quae
1452 3088 1609 3128 Gellius
1643 3087 1784 3137 tradit,
1822 3086 2078 3127 consentiunt
2113 3096 2203 3125 cum

523 3153 546 3202 ξ
569 3157 601 3201 7,
631 3153 654 3203 ξ
678 3155 734 3203 12,
763 3152 813 3203 §5
836 3155 984 3191 15—16
1013 3153 1221 3202 (aestuans
1249 3151 1368 3202 (515),
1396 3152 1557 3192 minime
1584 3163 1675 3191 cum
1703 3151 1807 3202 539.

653 3216 683 3266 ²)
711 3214 771 3255 Cf.
801 3226 859 3255 ac.
878 3214 917 3254 II
947 3215 996 3267 ἓξ
1019 3218 1185 3255 13-18.
