2297 3743
375 240 433 283 26

372 366 744 423 interpretandum
779 379 874 410 esse
909 364 1147 409 affirmatur
1180 364 1295 421 §33,
1329 364 1513 407 maxime
1542 363 1627 407 his:
1662 368 1758 408 erat
1779 366 1857 410 hoc
1880 365 2051 420 quidem

374 457 547 486 verunt
603 456 657 484 ex
713 443 1052 491 aeternitate,
1107 441 1185 484 sed
1239 452 1428 483 causas
1482 440 1537 481 id
1590 441 1896 492 efficientes
1949 454 2051 484 non

375 519 611 562 habebat.

502 595 593 638 Sibi
626 594 838 648 nobisque
871 593 1138 648 persuadere
1172 595 1268 635 vult
1301 591 1585 648 philosophus
1609 590 1737 632 —id
1761 591 1878 645 quod
1901 606 2050 635 verum

374 685 462 714 non
497 684 592 714 esse
626 672 725 714 luce
762 671 923 714 clarius
957 671 1023 713 est
1055 694 1116 700 —
1151 669 1419 714 Carneadem
1453 668 1564 712 idem
1599 667 1789 711 voluisse
1822 666 2051 711 ostendere

375 748 657 790 conclusione
701 760 798 800 sua,
845 745 963 801 quod
1005 746 1100 801 ipse
1144 747 1270 788 illinc
1304 746 1575 801 sumpsisset3
1619 744 1908 788 testimonium
1944 755 2050 797 esse,

376 836 487 879 quae
522 822 576 866 de
610 822 847 879 praedictis
880 821 1137 878 Appollinis
1170 821 1460 865 iudicavisset.

505 899 626 950 Quae
680 900 727 941 in
782 898 805 954 ξ
838 899 894 940 33
952 898 1289 952 subsequuntur:
1355 897 1585 952 Quocirca,
1645 898 1686 939 si
1739 895 1915 946 Stoicis,
1978 895 2053 949 qui

379 977 528 1018 onmia
571 976 669 1029 fato
715 975 812 1028 fieri
857 975 1023 1025 dicunt,
1071 977 1408 1017 consentaneum
1451 976 1516 1016 est
1559 973 1688 1016 huius
1719 972 1839 1015 modi
1871 971 2053 1015 oracula

379 1055 623 1104 ceteraque,
670 1063 782 1103 quae
827 1064 854 1093 α
903 1051 1172 1092 divinatione
1207 1050 1436 1099 ducuntur,
1479 1049 1759 1102 conprobare,
1805 1049 1861 1090 iis
1895 1050 2052 1099 autem,

379 1129 471 1180 qui,
516 1140 627 1180 quae
671 1127 830 1180 futura
869 1129 990 1176 sunt,
1036 1138 1086 1167 ea
1119 1138 1222 1167 vera
1257 1137 1347 1167 esse
1381 1137 1429 1166 eoo
1463 1125 1720 1166 aeternitate
1754 1124 1921 1173 dicunt,
1963 1136 2054 1165 non

379 1204 491 1245 idern
537 1202 764 1244 dicendum
812 1204 892 1251 est,
937 1202 1051 1251 vide,
1095 1212 1151 1242 ne
1193 1212 1283 1241 non
1329 1199 1478 1241 eadem
1519 1199 1579 1241 sit
1620 1198 1797 1240 illorum
1843 1210 1978 1241 causa
2013 1201 2054 1240 et

376 1278 642 1329 Stoicorum;
692 1277 739 1319 hi
783 1278 895 1319 enim
938 1279 1181 1330 uryuentur
1226 1275 1476 1329 anyustius,
1522 1274 1702 1317 illorum
1744 1275 1861 1317 ratio
1905 1274 2054 1318 soluta

378 1367 429 1397 ac
477 1354 612 1396 libera
657 1355 738 1404 est,
783 1352 944 1396 similia
991 1352 1071 1405 eis,
1117 1364 1229 1406 quae
1265 1365 1319 1394 ex
1353 1352 1461 1404 §20
1497 1350 1717 1395 Ciceronis
1749 1350 1926 1406 propria
1958 1362 2052 1393 esse

376 1442 508 1484 supra
548 1429 753 1484 suspicati
792 1440 955 1481 sumus,
1001 1427 1296 1482 compluribus
1330 1426 1525 1469 adducor
1559 1426 1717 1479 causis,
1757 1438 1812 1468 ne
1847 1439 1902 1468 ex
1934 1424 2053 1469 fonte

375 1509 524 1562 putem
557 1505 713 1549 hausta
736 1518 843 1548 esse.
886 1504 1078 1547 Primum
1102 1504 1215 1547 enim
1238 1503 1305 1546 his
1328 1502 1541 1546 dirimitur
1564 1505 1608 1545 et
1632 1501 1897 1545 disturbatur
1918 1502 2053 1546 series

376 1584 746 1637 argumentorum,
791 1594 888 1623 cum
932 1580 1096 1622 initium
1142 1580 1165 1636 ξ
1201 1579 1260 1622 34
1304 1580 1438 1621 multo
1483 1578 1624 1634 aptius
1668 1576 1848 1621 accedat
1890 1576 1947 1620 ad
1990 1590 2054 1632 ea,

377 1672 488 1713 quae
533 1658 643 1701 haec
687 1658 823 1701 verba
867 1657 1142 1699 antecedunt.
1208 1658 1320 1699 Tum
1364 1656 1474 1698 haec
1517 1656 1613 1710 ipsa
1656 1667 1808 1710 parum
1847 1653 2055 1697 exhibent

375 1734 626 1790 sagacitatis
672 1736 802 1788 atque
846 1731 1006 1775 iudicii.
1079 1731 1252 1775 Deinde
1296 1744 1506 1786 nusquam
1552 1729 1695 1773 adhuc
1737 1730 1783 1772 in
1825 1728 1946 1773 fonte
1988 1719 2053 1772 in-

375 1811 572 1854 venimus
605 1810 773 1853 Stoicos
807 1809 1046 1864 generatim
1082 1809 1344 1861 nominatos,
1385 1810 1535 1851 contra
1568 1805 1860 1862 Chrysippum
1892 1806 2054 1862 passim

374 1888 543 1929 intenta
578 1889 671 1929 erat
705 1885 939 1941 disputatio
974 1885 1129 1938 solum,
1164 1885 1293 1928 etiam
1326 1884 1372 1926 in
1405 1883 1526 1940 §32
1560 1895 1670 1937 quae
1705 1881 1813 1938 §30
1846 1881 2055 1926 succedit.

375 1964 600 2005 Postremo
636 1975 691 2004 ne
726 1961 771 2003 id
796 1961 971 2015 quidem
995 1961 1157 2012 omitto,
1192 1972 1465 2014 quamquam,
1499 1971 1611 2013 quae
1633 1958 1689 2001 ad
1711 1972 1802 2001 rem
1823 1958 2055 2013 pertinent,

376 2038 431 2081 de
468 2037 703 2094 praedictis
736 2036 967 2092 Apollinis
1001 2038 1130 2079 antea
1162 2035 1355 2079 breviter
1388 2037 1449 2088 et,
1490 2036 1698 2089 quantum
1730 2033 1834 2076 satis
1867 2033 1942 2087 sit,
1982 2046 2053 2076 ex-

375 2114 521 2171 posita
569 2116 687 2168 sunt,
742 2112 814 2156 hic
862 2115 1010 2156 tamen
1060 2111 1116 2155 ad
1167 2111 1479 2154 divinationem
1531 2122 1700 2153 omnem
1748 2109 1932 2165 respici:
1980 2109 2055 2152 vix

377 2190 539 2233 addere
581 2203 689 2245 opus
730 2192 795 2232 est
836 2189 1067 2231 maximam
1107 2201 1202 2231 esse
1242 2187 1531 2242 suspicionem
1571 2185 1617 2228 id
1656 2200 1682 2228 a
1716 2185 1924 2229 Cicerone
1957 2197 2054 2228 esse

378 2267 568 2321 ortum.1)

505 2344 609 2386 Veri
643 2343 789 2385 simile
823 2343 955 2398 igitur
989 2342 1188 2384 existimo
1221 2342 1266 2383 in
1299 2340 1437 2394 fonte,
1472 2353 1583 2395 quae
1616 2339 1665 2395 ἐξ
1691 2338 1882 2381 31-33
1917 2338 2055 2394 expli-

378 2423 477 2462 cata
511 2423 645 2473 erant,
680 2420 741 2461 sic
775 2418 868 2461 fere
902 2420 976 2461 aut
1010 2418 1142 2460 simili
1175 2417 1303 2460 modo
1338 2418 1548 2460 conclusa
1582 2416 1796 2469 simulque
1827 2426 2056 2468 argumen-

377 2495 583 2537 tationem
618 2493 874 2550 productam
908 2492 1059 2535 fuisse:
1097 2492 1263 2548 Quodsi
1296 2491 1559 2534 concedatur
1589 2489 1703 2532 nihil
1725 2500 1860 2543 posse
1894 2489 2058 2531 evenire

379 2573 473 2614 sine
518 2583 656 2613 causa
700 2570 1000 2623 antecedente,
1052 2568 1159 2621 quid
1194 2567 1468 2621 proficiatur,
1496 2567 1559 2624 „si
1602 2578 1654 2608 ea
1698 2577 1835 2608 causa
1873 2576 1964 2607 non
2008 2576 2058 2607 ex

382 2648 571 2689 aeternis
606 2646 752 2688 causis
787 2647 896 2699 apta
930 2643 1132 2687 dicatur?
2061 2690 2066 2694 ι

508 2721 582 2764 Ad
626 2721 737 2764 haec
776 2733 880 2764 vero
921 2720 1142 2775 extemplo
1183 2720 1461 2762 accesserunt
1494 2717 1535 2774 (ᾗ
1561 2718 1655 2772 36);
1699 2717 1911 2760 Nondum
1944 2717 2073 2780 enim-

380 2799 576 2842 ulcerato
617 2798 830 2852 serpentis
861 2809 1009 2840 morsu
1041 2796 1290 2839 Philocteta
1324 2807 1436 2849 quae
1470 2807 1606 2838 causa
1638 2795 1685 2837 in
1715 2807 1859 2837 rerwm
1890 2795 2057 2837 natura

381 2940 512 2976 utrum
540 2936 672 2976 omnia
698 2935 1009 2976 necessitate
1037 2934 1135 2975 fiant
1161 2946 1307 2983 necne,
1343 2933 1419 2974 sed
1447 2945 1505 2982 63,
1534 2944 1637 2984 quae
1664 2943 1780 2973 vera
1806 2932 1897 2982 sint,
1924 2935 2057 2972 utrum

382 3012 431 3039 ex
472 3004 635 3040 aeterna
672 3000 777 3039 serie
814 3010 1023 3039 causarum
1057 2998 1267 3050 pendeant
1300 3009 1350 3037 an
1386 2997 1472 3037 sine
1507 2997 1587 3036 hoc
1621 3007 1828 3036 causarum
1864 3006 1971 3034 nexu
2007 3005 2059 3033 ex

380 3064 617 3104 aeternitate
644 3076 740 3103 vera
767 3075 860 3103 esse
886 3063 1045 3113 possint
1070 3062 1290 3113 intellegi.“

509 3128 540 3176 1)
569 3128 622 3166 Et
648 3127 773 3166 verba
800 3130 843 3166 et
861 3126 991 3166 omnis
1009 3126 1111 3166 ratio
1131 3126 1249 3166 huius
1266 3125 1347 3166 loci
1365 3125 1389 3177 ἓ
1405 3129 1453 3165 44
1471 3124 1663 3164 videntur
1680 3122 1837 3171 imitari,
1864 3118 2058 3170 imprimis

380 3190 527 3230 verba:
555 3189 657 3240 vide,
685 3202 735 3229 ne
761 3189 867 3229 idem
893 3189 1045 3230 dicant.
