2292 3756
1869 305 1896 346 3

223 429 629 486 reprehensionibus
668 431 768 475 inde
811 432 968 486 ductis,
1009 431 1126 486 quod
1166 444 1378 485 nusquam
1413 430 1633 485 propriam
1667 430 1897 484 protulerit

223 504 560 562 philosophiam:
604 520 758 564 nempe
802 509 894 564 ipse
937 520 1025 550 non
1069 508 1209 551 solum
1255 507 1301 548 in
1342 519 1407 561 ep.
1442 504 1498 548 ad
1532 505 1622 549 Att.
1645 504 1729 548 XII
1753 505 1831 558 52,
1856 506 1896 558 3,

224 582 299 625 ubi
332 582 566 626 modestius
600 585 803 639 loquitur,
837 583 914 626 sed
950 584 1077 626 etiam
1111 583 1157 624 in
1190 583 1423 638 prooemiis
1458 595 1637 638 operum
1666 582 1711 623 in
1735 583 1896 637 vulgus

225 658 434 702 editorum
478 673 523 703 se
566 659 677 702 nihil
720 658 840 701 aliud
885 658 1092 713 petivisse
1141 657 1386 711 confitetur,
1430 659 1512 700 nisi
1555 660 1602 700 ut
1647 660 1816 711 copiose
1857 661 1899 699 et

225 738 378 778 ornate
420 735 567 791 (Tusc.
598 734 708 788 disp.
737 734 758 774 I
798 735 821 785 ξ
855 734 918 788 7),
969 746 1080 787 quae
1128 735 1308 776 summis
1358 735 1545 788 inqeniz's
1597 735 1896 787 exquisitaque

225 811 424 854 doctrina
462 810 719 865 philosophi
771 808 938 853 Graeco
989 823 1183 853 sermone
1236 812 1558 861 tractavissent,
1615 823 1667 852 ea
1715 810 1895 852 Latinis

227 887 381 930 litteris
414 887 650 929 mandaret
680 885 753 942 (de
776 884 845 927 fin.
869 886 889 927 I
913 885 936 941 ἓ
958 885 1013 941 1).
1079 886 1180 928 Non
1215 899 1267 928 ea
1299 886 1428 940 igitur
1460 886 1663 941 primaria
1697 886 1894 940 quaestio

224 977 317 1006 esse
363 963 509 1016 debet,
555 962 658 1016 quid
702 962 797 1017 ipse
841 962 1040 1014 senserit,
1088 961 1166 1004 sed
1206 975 1291 1015 qua
1330 963 1497 1003 ratione
1536 962 1672 1004 libros
1706 961 1896 1004 Graecos

225 1038 586 1093 descripserit,
610 1050 710 1080 num
736 1049 808 1080 eos
833 1039 950 1080 recte
973 1037 1243 1080 intellexerit
1266 1039 1309 1080 et
1326 1035 1565 1080 tradiderit.
1599 1037 1709 1079 Tum
1729 1050 1834 1080 sane
1851 1036 1897 1079 id

224 1127 397 1170 qnoque
429 1128 510 1169 par
544 1118 607 1157 est
636 1115 914 1168 interrogare,
949 1127 1050 1155 num
1074 1114 1246 1155 omnino
1270 1114 1314 1154 in
1338 1126 1514 1155 numero
1538 1112 1896 1167 philosophorum

224 1190 280 1232 sit
312 1189 557 1243 habendus,
602 1190 675 1244 qui
708 1189 820 1231 nihil
853 1188 1005 1232 fecerit
1037 1189 1123 1231 nisi
1156 1189 1338 1231 aliorum
1374 1189 1611 1245 compilare
1647 1189 1896 1231 sententias.

223 1267 323 1308 Non
373 1266 546 1307 dubium
597 1268 678 1318 est,
728 1266 832 1319 quin
881 1265 1037 1306 iniuria
1080 1265 1227 1306 Zeller
1275 1266 1321 1305 in
1370 1265 1548 1307 historia
1590 1264 1894 1319 philosophiae

226 1340 489 1383 Graecorum
514 1341 710 1384 Ciceroni
742 1343 806 1382 tot
838 1340 1022 1395 paginas
1057 1340 1334 1382 concesserit:
1369 1340 1482 1382 inter
1514 1339 1654 1383 fontes
1688 1339 1894 1382 historiae

224 1415 580 1470 philosophorum
627 1415 917 1458 numerandus
965 1419 1047 1468 est,
1092 1429 1179 1458 non
1219 1416 1330 1457 inter
1363 1416 1479 1470 ipsos
1513 1415 1815 1470 philosophos:
1859 1417 1896 1458 is

225 1492 319 1547 ipse
353 1492 557 1534 Romanis
592 1504 685 1534 esse
720 1491 908 1544 volebat,
942 1491 977 1534 is
1012 1490 1143 1534 debet
1175 1491 1300 1533 nobis
1334 1504 1440 1534 esse.

352 1566 472 1617 Quae
508 1566 700 1619 disserui,
735 1566 791 1608 ad
821 1579 916 1608 eum
941 1579 1112 1621 quoque
1146 1566 1411 1619 libellum,
1446 1567 1531 1620 qui
1565 1569 1641 1609 est
1676 1567 1735 1609 de
1770 1566 1896 1619 fato,

225 1645 420 1696 spectare
464 1655 543 1696 per
586 1654 633 1684 se
674 1644 738 1683 est
781 1642 874 1683 veri
918 1642 1203 1694 simillimum,
1250 1641 1326 1683 sed
1360 1644 1406 1682 ut
1440 1641 1714 1684 coniecturae
1749 1654 1897 1683 omnes

225 1730 312 1760 non
357 1717 651 1760 communibus
696 1707 1116 1770 ratiocinationibus,
1167 1716 1242 1760 sed
1288 1717 1415 1760 rebus
1460 1718 1564 1772 ipsis
1612 1717 1896 1772 probandum.

226 1795 284 1837 Ut
332 1807 455 1846 vero,
504 1795 677 1847 qualem
720 1794 868 1835 libelli
911 1794 1050 1836 nostri
1095 1806 1188 1835 esse
1233 1794 1396 1845 inveni,
1447 1794 1557 1834 ratio
1603 1794 1756 1835 melius
1799 1807 1896 1847 per-

226 1869 451 1924 spiciatur,
501 1881 596 1910 eam
645 1867 833 1911 breviter
881 1868 965 1911 iam
1015 1867 1086 1911 hic
1130 1868 1264 1911 liceat
1307 1867 1577 1911 adumbrare.
1654 1869 1897 1924 Descripsit

224 1946 365 1999 igitur,
399 1946 434 1987 si
468 1944 571 1999 quid
605 1944 744 1997 video,
779 1945 929 1988 Cicero
963 1948 1218 1999 argumenta
1250 1946 1383 1999 longe
1416 1946 1603 2000 plurima
1633 1949 1676 1987 et
1699 1945 1895 1987 ordinem

226 2020 316 2063 fere
358 2023 492 2062 totum
534 2034 588 2063 ex
628 2020 915 2075 disputatione
951 2020 1137 2074 quadam
1170 2020 1377 2063 Antiochi
1411 2021 1709 2063 Ascalonitae.
1775 2021 1896 2062 Intra

227 2098 472 2138 contextum
522 2098 663 2138 autem
712 2095 838 2138 huius
888 2095 942 2138 de
986 2095 1076 2139 fato
1122 2095 1423 2151 disputationis
1469 2109 1547 2138 sna
1590 2099 1744 2150 sponte
1787 2110 1893 2138 non-

226 2173 371 2214 nullas
413 2172 628 2214 interiecit
670 2174 815 2227 partes
860 2172 1039 2227 exiguas
1072 2171 1247 2214 aliunde
1283 2171 1578 2227 depromptas,
1624 2171 1699 2215 sed
1732 2172 1809 2227 ita,
1850 2175 1896 2214 ut

226 2249 480 2303 plerumque
516 2249 661 2303 aliquo
696 2248 821 2291 modo
857 2247 1122 2302 significetur
1156 2248 1467 2302 digressionem
1501 2248 1594 2290 fieri
1622 2251 1664 2290 et
1688 2249 1895 2303 deinceps

227 2322 283 2365 ad
310 2324 446 2378 ipsam
471 2323 764 2377 quaestionem
787 2322 935 2375 redu-13
968 2323 1082 2365 unde
1107 2325 1298 2378 apparet,
1333 2322 1450 2377 quod
1473 2323 1650 2366 conicio.
1705 2323 1896 2365 Primum

226 2399 355 2454 igitur
399 2413 477 2442 eae
520 2402 683 2454 partes,
729 2412 835 2452 quas
881 2402 954 2441 aut
985 2400 1078 2453 ipse
1114 2398 1262 2441 Cicero
1296 2398 1521 2453 profitetur
1553 2413 1579 2441 a
1613 2413 1658 2441 se
1692 2400 1786 2453 ipso
1821 2399 1893 2441 ad-

226 2475 393 2517 iunctas
449 2487 542 2518 esse
599 2476 672 2517 aut
727 2474 824 2518 aliis
878 2473 1051 2517 indiciis
1107 2486 1370 2530 cognoscere
1424 2475 1545 2530 potui
1598 2488 1685 2518 non
1741 2487 1795 2517 ex
1845 2488 1896 2518 eo

226 2551 363 2604 fonte,
407 2551 522 2593 unde
557 2554 720 2604 cetera,
765 2551 959 2604 haustas,
1003 2564 1150 2593 rursus
1184 2551 1477 2605 seiungendae
1512 2553 1635 2593 erant
1668 2551 1895 2605 simulque,

228 2629 435 2681 quantum
467 2626 550 2670 hoc
583 2627 676 2670 fieri
708 2628 859 2682 potuit,
899 2628 1018 2669 illins
1052 2626 1262 2669 Antiochi
1296 2626 1596 2681 disputationis
1631 2626 1737 2668 ordo
1771 2628 1894 2669 resti—

226 2701 429 2744 tuendus:
463 2703 524 2744 sie
559 2701 612 2745 de
648 2704 824 2745 auctore
860 2715 1030 2757 quoque
1065 2702 1186 2744 illius
1212 2702 1367 2744 certius
1390 2700 1581 2744 iudicare
1604 2701 1779 2744 licebat.
1829 2702 1896 2745 De

226 2778 391 2820 ratione
436 2790 539 2820 vero
583 2781 626 2820 et
668 2778 770 2831 fide,
816 2792 901 2833 qua
935 2778 1084 2821 Cicero
1130 2778 1293 2820 fontem
1329 2780 1499 2820 secutus
1534 2780 1662 2830 esset,
1707 2778 1898 2820 mirabili

228 2853 414 2908 quodam
448 2865 552 2896 casu
584 2853 748 2897 factum
782 2858 857 2908 est,
892 2858 938 2897 ut
960 2867 1133 2910 possem
1156 2853 1385 2897 firmiorem
1408 2852 1601 2908 proferre
1627 2855 1897 2897 sententiam.

228 2928 409 2973 Ostendi
457 2930 600 2972 verbis
652 2929 872 2972 Ciceronis
924 2930 1245 2985 exspectatione
1296 2930 1499 2972 maiorem
1551 2929 1700 2972 deberi
1748 2929 1897 2973 fidem:

229 3006 482 3049 difficultate
517 3006 630 3048 enim
663 3007 726 3048 rei
761 3009 935 3049 coactus
969 3009 1046 3059 est,
1079 3009 1125 3048 ut
1160 3006 1309 3048 multis
1343 3007 1449 3048 locis
1484 3007 1662 3048 verbum
1687 3020 1740 3049 ex
1765 3008 1899 3050 verbo

227 3082 498 3137 transferret,
541 3083 615 3125 ubi
659 3095 763 3124 vero
808 3082 992 3136 primum
1036 3082 1214 3123 liberius
1259 3081 1471 3123 disserere
1514 3084 1693 3124 conatus
1730 3086 1810 3137 est,
1856 3084 1901 3125 in

228 3171 489 3214 permagnos
522 3157 672 3201 incidit
705 3170 885 3201 errores.

1629 3321 1674 3358 1*
