2356 3758
494 231 555 273 50

495 358 729 413 habebant,
764 360 871 402 mihi
904 361 1215 404 iucundissima
1249 363 1291 403 et
1323 360 1550 402 utilissima
1583 359 1768 404 fuerunt.
1817 363 1995 408 Octobri
2027 375 2172 408 mense

502 435 620 478 1899
656 436 796 479 Halas
831 437 1052 481 Saxonum
1092 450 1159 480 me
1201 436 1367 480 contuli
1397 435 1543 490 ibique
1575 447 1656 492 per
1687 450 1848 480 annum
1881 438 2173 494 professorum

496 510 702 566 Bechtel‚
746 513 892 565 BIass,
937 514 1262 568 Dittenberger,
1302 511 1496 554 Eduardi
1535 511 1702 565 Meyer,
1742 513 1924 566 Robert,
1957 515 2173 558 Wissowa

498 587 691 642 collegia
724 590 767 630 et
800 589 1031 631 seminaria
1064 589 1250 631 maximo
1286 601 1381 631 cum
1410 587 1568 643 gaudio
1592 589 1634 630 et
1657 588 1947 630 emolumento
1969 587 2171 644 frequen-

497 664 600 707 tavi.
655 665 758 708 Non
792 668 859 708 est
891 666 982 709 loci
1015 665 1140 709 huius
1167 666 1270 708 illos
1293 666 1410 709 viros
1433 665 1593 720 optime
1617 664 1674 707 de
1693 678 1761 708 me
1783 664 1957 710 meritos
1978 664 2172 717 laudare,

497 739 543 782 id
576 753 682 784 vero
715 754 805 784 non
839 742 1031 784 omittam
1054 754 1122 784 me
1146 754 1355 784 summum
1377 739 1633 785 beneficium
1655 738 1740 783 hoc
1763 739 2022 795 existimare,
2055 738 2173 795 quod

500 830 647 859 eorum
680 818 923 872 complures
947 818 1074 860 etiam
1097 818 1163 860 sui
1186 817 1349 860 dabant
1371 816 1623 860 facultatem
1646 820 1689 860 et
1709 816 1913 859 nonnulli
1935 815 2173 872 discipulos

498 906 587 936 non
620 894 763 936 solum
797 892 1012 936 docebant
1046 895 1093 935 ut
1125 894 1261 936 multo
1294 893 1486 937 iuniores
1514 893 1593 937 sed
1615 893 1745 936 etiam
1766 892 1860 936 veri
1879 890 2174 946 investigandi

500 969 818 1011 commilitones
862 968 927 1010 sui
971 968 1137 1010 similes
1179 981 1228 1011 re
1266 981 1372 1011 vera
1411 969 1610 1012 sinebant
1643 981 1755 1013 esse:
1798 968 1924 1011 nulla
1955 980 2002 1011 re
2035 966 2173 1022 magis

499 1044 736 1086 acuebatur
774 1043 986 1086 incertum
1025 1042 1230 1086 iudicium
1270 1046 1313 1086 et
1345 1057 1506 1099 anceps
1539 1043 1884 1087 adulescentium
1915 1042 2076 1087 fiducia
2106 1042 2174 1086 sui

498 1119 831 1175 temperabatur.
898 1118 1028 1162 Cuius
1071 1118 1188 1162 modi
1233 1118 1441 1163 beneficia
1487 1120 1594 1163 actis
1634 1120 1786 1175 gratiis
1826 1133 1914 1162 non
1946 1131 2172 1175 possumus

496 1195 778 1248 remunerari,
801 1207 971 1250 semper
993 1195 1261 1238 manebimus
1284 1197 1560 1250 acceptorum
1584 1194 1821 1239 debitores:
1845 1198 1890 1238 at
1910 1195 2085 1251 pietatis
2107 1197 2174 1239 est

498 1271 747 1314 memoriam
780 1270 1112 1325 praeteritorum
1134 1271 1336 1324 retinere,
1370 1273 1412 1313 et
1434 1271 1611 1313 nomina
1631 1271 1836 1326 religiose
1859 1270 1976 1315 dicta
1996 1270 2173 1314 floribus

498 1348 658 1390 similia
690 1350 801 1399 sunt,
836 1359 944 1400 quos
976 1346 1103 1389 liberi
1136 1349 1284 1389 serunt
1305 1347 1351 1388 in
1373 1347 1588 1402 sepulcris
1609 1349 1833 1402 parentum
1860 1345 2173 1390 defunctorum.

626 1421 807 1467 Octobri
845 1423 964 1465 1900
998 1422 1244 1478 Tubingam
1277 1435 1477 1466 reversus
1509 1423 1709 1466 ultimum
1741 1435 1899 1466 annum
1931 1424 2172 1479 temporum

499 1500 848 1543 academicorum
866 1499 1055 1541 examini
1070 1499 1249 1554 publico
1267 1498 1568 1554 praeparando
1583 1499 1852 1551 consecravi3
1871 1511 1955 1554 quo
1970 1501 2173 1554 superato

498 1575 761 1619 Rottweilae
794 1575 1068 1618 seminarium
1099 1573 1445 1630 paedagogicum
1477 1587 1570 1617 sum
1602 1587 1846 1630 perpessus.
1894 1575 2005 1617 Tum
2033 1576 2173 1617 altero

500 1652 700 1695 examine
752 1650 950 1694 confecto
996 1664 1075 1705 per
1120 1651 1203 1693 tria
1247 1651 1472 1693 semestria
1515 1650 1886 1705 Ludwigsburgae
1930 1650 1976 1692 in
2020 1649 2173 1693 eadem

500 1728 671 1779 schola,
716 1727 836 1769 cuius
878 1727 973 1781 ipse
1018 1726 1255 1780 discipulus
1288 1725 1472 1779 fueram,
1516 1738 1677 1780 pueros
1712 1725 1979 1779 erudiebam‚
2023 1738 2172 1768 mense

497 1803 644 1858 Aprili
692 1801 814 1844 1904
858 1802 1193 1856 Dittenbergero
1239 1804 1414 1844 auctore
1459 1800 1668 1856 oppidani
1711 1801 1926 1856 gymnasii
1968 1801 2172 1844 Halensis

498 1879 702 1933 magister
734 1877 875 1921 factus
909 1881 1033 1921 sum.v
