2320 3786
1974 256 2035 299 43

363 389 501 442 valet,
545 389 719 445 gravius
763 393 845 445 est,
889 390 1005 446 quod
1044 403 1132 434 non
1164 402 1336 445 semper
1370 387 1639 432 dubitati0ne
1674 397 1890 439 caremus,
1934 398 2035 427 num

362 465 522 521 passim
570 466 744 510 nomina
792 467 846 511 ab
889 466 1107 511 Antiocho
1156 466 1331 522 proprie
1376 464 1575 521 indita,1)
1617 463 1814 519 inprimis
1858 461 2036 504 nomina

341 554 588 585 <causarum
632 544 833 599 religiose
878 542 1133 586 reddiderit:
1179 541 1233 585 de
1266 540 1526 584 difficillima
1561 541 1669 594 §32
1704 541 1914 582 incertum
1951 537 2035 579 hoc

362 621 465 673 puto
507 621 549 662 et
591 620 739 672 miror,
784 618 901 673 quod
944 618 991 660 in
1029 618 1157 661 tertia
1189 620 1311 673 parte
1354 618 1596 661 variantur:
1642 618 1692 659 in
1737 616 2033 659 universum

363 697 504 738 autem
527 695 597 748 id,
632 694 767 749 quod
789 692 1085 737 Antiochus
1115 693 1289 737 dicere
1312 694 1545 747 volebat,
1579 696 1720 736 recte
1743 691 2032 735 tradidisse

362 771 547 814 videtur.
602 771 856 826 Complures
892 769 1079 825 denique
1111 771 1233 813 locos
1268 770 1358 812 eius
1391 770 1506 813 modi
1529 769 1658 813 credo
1683 782 1790 823 esse,
1824 772 1871 811 ut
1892 768 2031 823 primo

362 847 456 889 visu
491 848 777 902 cognoscatur
806 845 862 888 ad
884 845 1062 888 verbum
1085 858 1159 888 eos
1183 858 1275 888 esse
1300 858 1543 899 conversos,
1577 846 1697 888 velut
1719 846 1764 887 in
1788 844 1810 900 ξ
1831 846 1908 889 21;
1941 844 2032 887 Hic

353 923 547 974 primurn
593 923 640 964 si
679 921 807 963 mihi
853 921 1018 963 libeat
1060 922 1265 964 assentiri
1306 921 1499 974 Epicuro
1668 934 1775 963 cam
1810 922 2031 974 playani

354 997 539 1050 potius
573 997 828 1049 accipiam
862 1009 994 1049 quam
1025 996 1123 1050 fato
1147 997 1295 1038 omnia
1316 996 1412 1049 ficri
1445 996 1775 1049 comprobcm;
1810 996 1895 1037 illa
1918 996 2032 1037 enim

363 1073 580 1114 sententia
612 1071 742 1114 habet
774 1072 946 1126 aliquid
974 1072 1296 1126 disputationis,
1332 1072 1437 1115 hacc
1458 1084 1556 1114 vcro
1579 1084 1669 1114 non
1692 1074 1757 1114 est
1780 1072 2030 1121 tolerabilis,

363 1150 406 1190 et
440 1161 550 1203 quae
584 1150 820 1203 sequuntur
853 1161 988 1203 usque
1024 1147 1079 1191 ad
1112 1147 1234 1204 §25z
1268 1161 1355 1190 non
1389 1161 1566 1192 necesse
1589 1151 1653 1190 est
1674 1151 1884 1203 repetere,
1920 1160 2033 1203 quae

363 1237 493 1279 supra
526 1225 583 1279 (p.
604 1225 680 1280 20)
716 1224 769 1268 de
803 1224 923 1280 §252
957 1238 1013 1267 ne
1047 1238 1192 1268 omncs
1215 1225 1392 1279 physici
1424 1225 1640 1267 irrideant
1669 1237 1751 1267 nos
1775 1223 1894 1266 etde
1918 1236 2032 1266 com-

362 1303 525 1342 mutata
548 1301 742 1342 oratione
760 1299 808 1355 ἐξ
829 1301 887 1342 23
906 1303 947 1342 et
966 1300 1038 1352 24,
1061 1314 1102 1355 p.
1118 1301 1175 1342 33
1200 1300 1255 1342 de
1278 1300 1300 1355 ξ
1319 1301 1396 1342 23:
1422 1301 1594 1343 etiamsi
1615 1301 1687 1342 sit
1708 1303 1879 1342 atomus
1899 1311 2034 1352 caque

364 1375 549 1418 declinet
580 1374 857 1417 ostendimus.
913 1376 996 1418 Hic
1030 1376 1158 1418 etiam
1192 1375 1327 1417 verba
1359 1375 1452 1428 illa,
1487 1388 1597 1429 quae
1631 1374 1747 1430 apud
1782 1374 2059 1433 Ciceronem*

363 1450 551 1493 absurda
597 1453 713 1503 sunt,
759 1464 866 1505 opus
902 1454 966 1494 est
1000 1464 1335 1494 commemorare
1370 1451 1411 1506 (ξ
1440 1451 1532 1507 17);
1582 1450 1667 1505 Qui
1704 1452 1821 1494 locus
1856 1452 2037 1504 attingit

363 1527 477 1569 hanc
518 1528 825 1580 quaestionem.
891 1527 943 1569 In
984 1528 1091 1580 §13
1132 1528 1346 1570 nonnulla
1386 1530 1646 1570 commutata
1679 1540 1772 1570 esse
1807 1526 2034 1582 probabile

365 1605 440 1656 est,
476 1603 605 1645 etiam
637 1602 900 1659 apostrophe
934 1603 991 1646 ad
1014 1602 1304 1659 Chrysippum
1339 1602 1455 1645 facta
1479 1603 1698 1647 Ciceronis
1733 1615 1826 1645 esse
1849 1602 2033 1644 videtur.

362 1679 514 1722 Cetera
547 1678 673 1721 huius
705 1680 841 1734 partis
875 1682 918 1722 et
950 1681 1177 1723 universae
1210 1680 1301 1723 fere
1335 1681 1474 1735 prima
1507 1683 1550 1723 et
1579 1680 1706 1722 tertia
1727 1683 1875 1735 partes
1899 1680 2031 1722 verbo

360 1756 486 1797 tenus
519 1755 758 1797 translatae
792 1753 1004 1797 videntur.

486 1831 580 1872 Nec
621 1830 783 1872 absona
816 1833 914 1873 sunt
946 1832 1000 1874 ab
1034 1830 1117 1873 hac
1150 1832 1315 1873 ratione
1351 1831 1570 1874 Ciceronis
1604 1831 1738 1885 ipsius
1771 1832 2029 1874 testimonia.

360 1903 588 1948 Profitetur
621 1905 716 1961 ipse
749 1919 812 1948 ac.
835 1905 856 1947 I
890 1908 913 1959 ξ
943 1906 1016 1948 14:
1065 1906 1182 1960 Quid
1214 1909 1279 1949 cst
1311 1907 1442 1957 enini,
1479 1906 1595 1960 quod
1625 1906 1779 1949 malini
1814 1919 1945 1960 quani
1981 1920 2029 1949 cx

360 1980 624 2024 Antiocho
657 1983 748 2024 iani
771 1983 945 2035 pridem
978 1983 1134 2025 audita
1165 1984 1389 2025 recordari
1418 1985 1459 2025 et
1480 1983 1614 2026 simul
1633 1983 1788 2033 videre,
1824 1984 2029 2026 satisne

363 2070 421 2100 ea
465 2058 719 2100 commode
760 2057 864 2100 dici
897 2059 1112 2110 possint
1141 2057 1353 2111 Latine,
1393 2059 1467 2100 ubi
1500 2071 1695 2112 premere
1729 2059 1865 2111 iuvat,
1912 2059 2028 2113 quod

360 2132 414 2175 de
448 2133 542 2189 ipso
577 2132 795 2176 Antiocho
830 2132 938 2177 haec
970 2133 1105 2176 verba
1137 2133 1255 2187 fiunt,
1291 2134 1335 2178 et
1371 2137 1590 2187 annotare,
1624 2134 1774 2188 paucis
1807 2134 1918 2177 locis
1954 2147 2026 2176 ex-

360 2209 514 2264 ceptis,
560 2209 634 2263 qui
666 2208 875 2252 facillime
910 2209 1210 2253 discernuntur
1244 2211 1284 2264 (ξ
1310 2210 1356 2263 8,
1393 2211 1443 2263 ἐξ
1468 2209 1685 2262 25—26,
1721 2211 1744 2262 ξ
1771 2210 1848 2263 33,
1885 2212 1908 2263 ξ
1935 2210 2026 2266 35),

360 2298 386 2326 3
430 2283 649 2337 §15-5
680 2284 739 2326 42
790 2285 932 2327 omnia
975 2284 1113 2328 videri
1157 2285 1287 2328 simili
1331 2285 1458 2327 modo
1502 2286 1713 2328 translata
1758 2297 1851 2327 esse
1895 2288 2025 2339 atque

358 2359 559 2402 libellum
593 2358 647 2401 de
681 2358 782 2402 fato.
835 2360 924 2401 Illa
960 2373 1058 2403 vero
1092 2373 1179 2402 non
1212 2362 1353 2403 solum
1388 2360 1441 2403 de
1476 2360 1655 2403 vocibus
1691 2360 1948 2414 quibusdam
1983 2364 2026 2403 et

359 2436 601 2479 nominibus
622 2435 778 2478 Latina
810 2435 963 2490 lingua
996 2436 1207 2479 novandis
1242 2436 1325 2479 dici
1358 2436 1434 2479 sed
1468 2436 1521 2478 de
1549 2438 1653 2489 tota,
1687 2448 1799 2491 quae
1822 2438 2026 2490 sequitur,

360 2512 554 2554 oratione
578 2511 705 2554 etiam
729 2510 830 2554 inde
847 2514 1040 2566 apparet,
1064 2511 1193 2566 quod,
1216 2511 1290 2553 ubi
1307 2524 1414 2566 opus
1432 2524 1526 2554 esse
1543 2510 1726 2563 videtur,
1749 2510 1863 2553 idem
1883 2511 2024 2554 denuo

359 2599 436 2629 suo
468 2587 567 2629 loco
600 2589 796 2629 monetur
824 2588 947 2628 velut
975 2600 1037 2629 ac.
1055 2588 1076 2629 1
1099 2586 1147 2642 ἕξ
1167 2587 1365 2639 24—26,
1398 2587 1441 2628 11
1468 2587 1537 2629 15.
1567 2588 1634 2628 17.
1662 2587 1731 2629 18.
1757 2587 1828 2628 22.
1853 2587 1926 2628 26.
1952 2588 2025 2632 27.

360 2662 416 2703 31
454 2664 535 2705 etc.
598 2663 798 2705 Alterum
838 2664 979 2705 autem
1018 2663 1180 2715 locum,
1221 2662 1275 2706 de
1313 2662 1469 2705 fin.111
1503 2662 1525 2718 ξ
1556 2663 1629 2717 15,
1670 2675 1926 2717 quamquam
1968 2662 2025 2705 ad

358 2735 597 2779 Stoicorum
623 2737 890 2792 potissimum
913 2738 1089 2793 respicit
1110 2738 1333 2792 rationem,
1368 2751 1478 2793 quae
1503 2739 1728 2792 difficilius
1752 2739 1961 2791 quiddam
1986 2742 2028 2780 et

359 2815 580 2858 obscurius
613 2815 769 2858 habere
801 2817 1012 2868 narratur,
1045 2816 1189 2857 tamen
1223 2814 1279 2857 ad
1313 2818 1503 2858 nostram
1533 2829 1703 2871 quoque
1727 2816 2024 2870 quaestionem

357 2889 519 2933 referre
578 2903 821 2946 possumus,
883 2891 1086 2945 quoniam
1145 2890 1258 2934 hanc
1319 2904 1490 2946 quoque
1548 2892 1771 2935 obscuram
1826 2893 2025 2948 appellat

359 2967 508 3011 Cicero
543 2967 628 3020 (§l
663 2969 705 3009 et
735 2966 903 3010 Gellius
926 2967 1009 3009 VII
1034 2967 1187 3022 2,l5):
1220 2967 1327 3009 Nec
1363 2971 1532 3010 tamen
1568 2970 1785 3021 exprimi
1815 2970 2026 3011 verbum

360 3056 381 3085 e
428 3042 577 3085 verbo
625 3054 838 3084 necesse
887 3043 1003 3093 erit,
1052 3045 1111 3084 ut
1156 3043 1476 3096 interpretes
1525 3044 1779 3087 indiserti
1832 3046 2025 3096 solent,

486 3206 516 3258 1)
543 3204 592 3244 Id
619 3203 731 3258 quod
755 3203 821 3244 hic
847 3203 1009 3244 minoris
1036 3206 1100 3244 est
1125 3204 1316 3244 momenti
1343 3215 1462 3256 quam
1488 3204 1528 3244 in
1555 3216 1613 3245 ac.
1632 3204 1672 3244 II
1701 3204 1752 3256 ἐξ
1775 3208 1819 3245 19
1840 3217 1931 3257 sqq.

0 3763 1080 3786 ωῴ--ῴ-ῌμΛ-Ὰψμῃὴη-..ῇψ-η
1100 3785 1107 3786 1
1192 3782 1219 3786 γ,
1247 3782 1297 3786 -.1,
