2320 3786
1832 266 1889 313 35

223 400 339 460 quod
360 398 454 447 fieri
477 405 593 448 certe
614 404 802 463 potuit,1)
825 415 1087 462 quamquam
1108 402 1153 446 in
1176 398 1471 457 disputatione
1494 399 1663 454 reliqua
1680 411 1891 454 nusquam

223 493 374 524 versus
406 481 659 529 invenimus.
707 483 791 527 Sed
827 482 944 537 quod
968 478 1281 530 Schmekelius,
1316 477 1389 531 qui
1423 475 1483 532 (p.
1507 477 1611 530 163)
1644 474 1724 518 hos
1749 475 1894 517 attulit

223 569 393 611 versuS,
441 558 568 601 etiam
616 559 736 601 initio
787 571 880 613 cap.
903 557 966 599 IX
1011 554 1306 609 Augustinum
1356 551 1412 594 ad
1455 555 1647 594 nostrum
1690 551 1892 593 libellum

223 633 440 690 respicere
483 635 724 691 suspicatus
769 636 852 686 est,
897 645 985 675 non
1030 629 1291 686 adstipulor:
1337 628 1420 671 soli
1464 628 1578 671 enim
1618 628 1893 671 nominantur

221 709 322 752 libri
368 710 421 753 de
469 710 732 752 divinatione
782 710 825 750 et
873 707 928 748 de
977 709 1133 748 natura
1183 704 1379 757 deorum,
1430 707 1472 746 et
1520 703 1663 746 verbis
1713 703 1817 758 ipsis
1867 716 1893 744 a

221 784 496 828 Schmekelio
537 784 740 826 adhibitis
754 782 790 837 ²)
830 795 950 825 suam
984 781 1255 836 Augustinus
1293 779 1459 836 profert
1491 779 1767 831 sententiam,
1808 791 1892 832 quo

223 860 404 902 consilio
439 859 613 902 ductum
636 859 890 902 Ciceronem
912 856 992 899 hos
1013 856 1150 899 libros
1174 855 1486 910 conscripsisse
1511 857 1698 897 censeat.
1740 855 1892 908 Itaque

223 935 279 977 ad
321 933 662 990 recuperandam
706 933 844 976 nostri
883 932 1027 975 libelli
1066 934 1233 987 partem
1273 932 1471 974 amissam
1505 930 1606 973 inde
1641 929 1753 972 nihil
1786 930 1895 972 sumi

222 1012 383 1066 potest3
406 1010 628 1066 aptissima
651 1022 755 1052 vero
779 1010 890 1062 sunt,
915 1021 1026 1064 quae
1050 1008 1255 1064 deinceps
1279 1007 1333 1050 ab
1351 1007 1598 1062 Augustino
1618 1006 1895 1058 disseruntur,

223 1087 477 1140 argumenta
499 1085 556 1127 ad
579 1085 874 1139 quaestionem
893 1087 1083 1127 nostram
1100 1085 1345 1126 universam
1363 1084 1515 1126 melius
1532 1082 1893 1138 perspiciendam,

224 1161 426 1216 quoniam
468 1162 545 1204 ille
585 1160 639 1204 de
680 1160 832 1205 eadem
872 1174 919 1204 re
959 1161 1202 1203 acutissime
1245 1163 1288 1203 et
1328 1160 1657 1215 diligentissime
1692 1158 1893 1213 disputat.

222 1237 296 1281 Ad
340 1238 479 1294 ipsum
523 1251 626 1281 vero
673 1240 918 1281 contextum
961 1236 1014 1280 de
1053 1236 1142 1280 fato
1182 1236 1286 1279 libri
1325 1237 1476 1279 ultima
1514 1234 1706 1279 eiusdem
1740 1235 1893 1290 capitis

225 1314 282 1370 (V
305 1315 350 1368 9)
396 1314 529 1356 verba
573 1316 786 1369 spectant,
831 1313 904 1356 ubi
947 1313 1107 1365 denuo,
1150 1316 1197 1355 ut
1230 1313 1391 1367 passim
1424 1312 1500 1355 ubi
1533 1311 1768 1354 doctissimi
1799 1311 1895 1364 viri,

225 1389 299 1443 qui
320 1387 515 1443 habetur,
539 1390 779 1431 sententiae
803 1390 1203 1441 commemorantur,
1225 1401 1382 1430 nomen
1406 1387 1624 1431 Ciceronis
1647 1387 1897 1442 appellatur

224 1465 348 1521 (nam
383 1467 425 1506 et
455 1465 580 1515 illud,
615 1466 731 1517 quod
761 1466 876 1507 idem
911 1463 1055 1507 Cicero
1091 1465 1286 1507 concedit
1312 1497 1320 1505 .
1346 1498 1353 1506 .
1380 1463 1426 1520 .),
1462 1464 1536 1518 qui
1569 1462 1742 1518 quidem
1775 1464 1898 1505 locus

224 1539 323 1583 ideo
357 1539 471 1582 nihil
503 1540 606 1583 novi
639 1540 774 1594 affert,
808 1539 925 1595 quod
958 1540 1039 1582 illa
1071 1552 1171 1595 pars
1205 1539 1349 1583 libelli
1381 1540 1475 1594 ipsa
1510 1541 1725 1594 superstes
1759 1541 1834 1580 est.

351 1616 686 1672 Progrediamur
735 1616 791 1659 ad
840 1617 985 1659 locum
1035 1630 1060 1658 a
1110 1616 1261 1660 Servio
1311 1614 1368 1658 ad
1417 1615 1546 1670 Verg.
1577 1614 1688 1658 Aen.
1718 1613 1783 1656 ΠΙ
1809 1613 1898 1655 376

224 1692 441 1735 traditum.
493 1692 776 1748 Chrysippi
810 1707 860 1736 eo
896 1693 1108 1735 contineri
1140 1692 1236 1734 fati
1270 1691 1638 1734 definitionem
1671 1690 1775 1733 mihi
1799 1703 1898 1745 per-

226 1781 399 1812 suasum
423 1771 504 1812 est:
527 1767 621 1824 hoc,
646 1782 742 1812 cum
765 1771 961 1825 apertum
985 1769 1038 1812 sit
1062 1781 1157 1811 eam
1174 1767 1382 1812 Antiochi
1408 1781 1494 1811 non
1513 1780 1620 1820 esse,
1644 1781 1669 1809 a
1686 1767 1897 1834 principio

227 1858 250 1888 e
289 1845 455 1888 ratione
501 1846 699 1901 opusculi
743 1846 878 1888 nostri
921 1845 1148 1901 probabile
1190 1847 1271 1897 est3
1317 1857 1415 1887 nam
1450 1844 1541 1887 eius
1574 1857 1662 1887 non
1697 1838 1807 1896 erat,
1853 1846 1900 1885 ut

226 1921 381 1976 prioris
423 1921 527 1963 libri
568 1920 623 1963 de
666 1921 952 1975 divinatione,
998 1921 1238 1964 Stoicorum
1279 1920 1534 1963 sententiam
1568 1933 1648 1975 per
1681 1932 1727 1962 se
1761 1919 1898 1974 ipsam

225 1997 286 2039 ita
326 1998 368 2039 et
400 2009 453 2039 ea
486 2000 628 2040 mente
663 1996 930 2050 describere,
974 2000 1019 2039 ut
1057 1999 1227 2052 postea,
1272 1995 1384 2038 libro
1418 1997 1576 2049 altero,
1618 1994 1897 2047 refutaretur3

225 2073 372 2127 itaque
414 2085 502 2114 non
545 2072 780 2116 concedam
815 2073 1066 2116 Ciceronem
1109 2072 1268 2127 ipsum,
1315 2084 1426 2126 quae
1468 2084 1522 2114 ex
1555 2070 1790 2114 Posidonio
1824 2070 1897 2125 (de

227 2147 313 2190 div.
342 2149 363 2190 1
391 2149 477 2191 125
496 2150 607 2203 sqq.)
663 2148 901 2202 didicisset,
956 2148 1027 2191 hic
1077 2148 1250 2191 mutatis
1299 2147 1442 2190 verbis
1492 2146 1752 2199 reddidisse;
1808 2146 1898 2200 sed,

228 2223 429 2278 quoniam
463 2223 507 2265 in
531 2222 819 2279 Chrysippum
852 2224 1019 2266 intenta
1052 2226 1118 2266 est
1150 2223 1288 2266 omnis
1323 2222 1568 2277 disputatio,
1601 2222 1756 2277 prioris
1780 2225 1896 2264 certe

228 2299 511 2354 quaestionis,
551 2313 731 2343 necesse
772 2303 837 2343 est
868 2300 994 2343 huius
1027 2301 1208 2342 relatam
1243 2299 1374 2342 fuisse
1409 2297 1716 2343 definitionem.
1781 2298 1897 2341 Fieri

227 2377 370 2418 autem
412 2375 622 2430 potuisse,
668 2378 714 2417 ut
755 2378 839 2417 tam
879 2375 1070 2418 breviter
1102 2374 1352 2422 referretur,
1399 2374 1500 2416 inde
1534 2376 1733 2429 apparet,
1779 2372 1896 2428 quod

229 2450 380 2494 Cicero
415 2450 455 2507 (ξ
479 2451 526 2506 4)
560 2451 664 2494 dicit
697 2454 849 2494 contra
871 2452 1147 2505 propositum
1181 2451 1398 2503 disputari
1430 2451 1486 2504 (v.
1521 2463 1561 2504 p.
1589 2450 1677 2504 18).
1731 2448 1817 2492 Sed
1850 2451 1896 2491 ut

227 2529 349 2570 tanta
369 2526 538 2581 fiducia,
572 2527 688 2582 quod
711 2527 890 2582 conicio,
926 2528 1155 2581 obtineam,
1185 2525 1467 2570 similitudine
1490 2525 1642 2569 horum
1666 2525 1895 2568 verborum

356 2715 384 2762 ¹)
419 2713 520 2752 Nam
560 2714 740 2763 aptiores
777 2717 873 2753 sunt
905 2725 1025 2764 quam
1061 2725 1203 2753 versus
1238 2713 1278 2751 in
1312 2713 1435 2752 libros
1471 2713 1523 2751 de
1560 2712 1640 2753 div.
1677 2723 1822 2763 magna
1856 2713 1897 2752 vi

228 2774 377 2815 infersi.
422 2775 611 2816 Fortasse
638 2776 695 2817 eis
723 2775 940 2828 Chrysippi
966 2777 1167 2817 sententia
1192 2776 1390 2816 illustrata
1412 2779 1507 2816 erat.
1552 2776 1684 2816 Etiam
1705 2775 1756 2827 ἐξ
1772 2780 1790 2815 7
1808 2788 1896 2827 sqq.

231 2839 283 2880 de
309 2839 460 2879 naturis
486 2839 692 2879 hominum
720 2840 960 2891 disputatur.

355 2903 386 2953 ²)
414 2902 503 2942 Hos
531 2902 668 2942 Cicero
696 2903 773 2942 ita
798 2903 1036 2954 redaryuere
1062 2904 1273 2953 nititur,
1307 2905 1360 2942 ut
1393 2915 1489 2943 non
1522 2903 1775 2942 existimet
1802 2903 1899 2942 ali-

230 2966 349 3017 quid
393 2978 440 3006 se
482 2965 672 3005 adversus
716 2978 779 3005 eos
822 2967 1003 3008 valere.
1054 2966 1158 3006 nisi
1202 2967 1404 3017 auferat
1447 2966 1815 3006 divinationem
1860 2971 1901 3007 et

229 3035 392 3081 postea:
427 3029 490 3068 In
526 3029 675 3068 libris
707 3041 798 3068 vero
827 3029 879 3068 de
905 3029 1228 3069 divinatione
1350 3032 1561 3080 oppugnat
1580 3030 1901 3079 praescientiam

229 3094 477 3144 futurorum.
538 3092 641 3132 Hoc
683 3094 840 3130 autem
886 3093 1042 3131 totum
1083 3092 1250 3142 facere
1292 3092 1507 3142 videtur,
1553 3104 1610 3131 ne
1652 3093 1787 3142 fatum
1823 3105 1904 3132 esse

232 3156 516 3196 consentiat
669 3155 824 3195 Putat
862 3154 970 3194 enim
1009 3166 1241 3195 concessa
1272 3154 1489 3194 scientia
1522 3155 1809 3205 futurorum
1842 3157 1905 3196 ita

231 3230 332 3260 esse
357 3230 658 3271 consequens
683 3219 828 3271 fatum,
855 3219 901 3257 ut
928 3217 1073 3270 neyari
1097 3229 1181 3258 non
1200 3219 1345 3269 possit.

1624 3296 1671 3344 3*
