2320 3786
1895 275 1954 321 23

287 392 404 438 fieri
436 389 482 453 (ξ
503 394 591 451 19).
633 395 865 453 Postquam
900 398 1013 442 enim
1047 400 1098 454 ἓξ
1124 399 1310 443 23—25
1346 400 1594 443 animorum
1625 403 1768 445 motus
1801 402 1953 445 volun-

290 472 423 514 tarios
455 473 706 530 servavit‚1)
744 474 815 518 hic
846 477 891 518 in
925 476 1047 519 aliud
1081 476 1253 520 videtur
1285 478 1476 520 intentus
1510 491 1606 520 esse
1640 483 1954 532 argumentum.

286 545 505 590 Concessit
541 548 827 606 philosophus
864 554 1011 595 noster
1043 551 1110 609 (ἐξ
1135 552 1194 594 24
1209 553 1290 608 sq.)
1324 565 1466 608 neque
1499 552 1571 596 hic
1604 552 1812 597 infitiatur
1844 553 1955 597 nihil

283 620 374 665 fieri
414 624 504 667 sine
549 627 705 678 causis3
751 628 867 669 ultra
906 628 1022 681 quod
1061 628 1133 670 hic
1165 629 1459 684 progreditur,
1505 642 1601 672 cum
1636 630 1953 674 distinctionem

282 696 444 743 inducit
490 700 603 744 inter
648 714 808 746 causas
853 705 1055 747 aeternas
1097 707 1286 748 naturae
1329 706 1587 749 necessitate
1628 710 1864 751 manantes
1909 710 1952 751 et

283 787 439 820 causas
480 778 664 831 fortuito
710 780 1049 835 anteyressa332)
1093 780 1207 835 quod
1246 781 1361 824 enim
1395 783 1658 825 enuntietur:
1703 783 1953 827 Descendet

282 852 328 893 in
369 850 658 895 Academiam
700 851 966 905 Carneades,
1008 868 1098 897 non
1140 856 1184 898 id
1229 869 1322 900 esse
1364 871 1510 900 verum
1556 861 1744 902 aeternis
1789 862 1947 913 causis,

279 937 358 968 nec
403 928 545 969 tamen
577 928 672 970 sine
705 929 867 979 causis,
912 928 990 971 sed
1024 931 1168 972 causis
1200 931 1383 984 fortuito
1419 935 1681 987 anteyressz's
1713 935 1804 978 niti.
1869 936 1945 978 Ita

278 1003 502 1056 utrumque
536 1005 669 1045 stare:
717 1006 765 1045 et
801 1016 999 1057 semper
1035 1017 1206 1047 verum
1244 1007 1438 1059 fuisse:
1476 1008 1693 1051 Morietur
1724 1010 1945 1064 Ffflicurus

313 1109 322 1118 .
346 1110 356 1120 .
391 1078 595 1121 archoute
627 1078 893 1132 PytharatO,
931 1092 1094 1132 neque
1130 1084 1298 1124 tamen
1330 1084 1469 1136 fuisse
1503 1097 1693 1128 causas
1725 1087 1944 1139 fatales.

403 1153 470 1196 De
504 1153 629 1209 §20,
674 1155 859 1197 maxime
900 1155 953 1198 de
987 1156 1149 1198 verbis:
1189 1155 1256 1199 At
1289 1159 1364 1210 qui
1394 1159 1679 1202 introducunt
1711 1174 1945 1205 causarum

276 1229 427 1272 seriem
470 1232 792 1284 sempiternam,
836 1233 872 1274 iz·
912 1235 1097 1275 mentem
1131 1233 1316 1276 hominis
1349 1235 1573 1279 voluntate
1609 1237 1743 1280 libera
1781 1239 1943 1292 spolia-

279 1308 368 1347 tam
405 1307 660 1349 necessitate
698 1308 789 1361 fati
828 1308 1078 1351 devinciunt
1115 1308 1300 1363 haesito,
1340 1314 1480 1353 utrum
1517 1311 1735 1357 Ciceronis
1768 1316 1945 1370 propria

274 1380 361 1422 sint
400 1395 456 1422 an
495 1381 642 1424 fontis:
681 1383 796 1425 illud
836 1397 887 1425 eo
928 1383 1033 1425 mihi
1072 1383 1244 1427 videtur
1276 1386 1565 1440 probabilius,
1606 1389 1722 1442 quod
1756 1391 1944 1433 maxima

273 1467 370 1497 cum
412 1456 592 1500 levitate
636 1461 833 1501 censetur
877 1458 932 1502 ad
976 1460 1202 1503 verborum
1240 1463 1405 1504 tantum
1444 1464 1530 1505 vim
1569 1465 1943 1518 interpretandam

273 1531 486 1586 quaedam
507 1533 738 1588 pertinere,
768 1537 811 1577 et
834 1535 949 1589 quod
973 1539 1166 1579 extrema
1188 1537 1324 1580 verba
1347 1538 1403 1580 ad
1425 1538 1670 1583 libertatem
1693 1542 1942 1596 voluntatis,

272 1606 327 1649 de
366 1620 451 1661 qua
489 1608 561 1651 hic
599 1623 685 1652 non
725 1610 885 1665 agitur,
924 1614 1218 1655 revertuntur:
1262 1627 1348 1655 non
1388 1616 1542 1669 procul
1576 1616 1698 1658 abest
1730 1618 1943 1672 suspicari

272 1681 521 1726 Ciceronem
565 1698 634 1740 ea,
677 1688 907 1740 postquam
951 1686 1064 1730 hanc
1107 1691 1276 1743 partem
1318 1702 1371 1731 ex
1412 1693 1616 1734 contextu
1655 1693 1840 1747 pristino
1874 1707 1940 1737 re-

269 1759 417 1807 solvit,
461 1759 744 1816 addidisse‚3)
782 1764 829 1804 ut
868 1763 1193 1806 conclusionem
1234 1777 1286 1806 ea
1321 1778 1422 1820 pars
1455 1765 1637 1810 haberet
1670 1769 1938 1812 consimilem

268 1820 432 1889 primae
480 1832 525 1893 (ξ
554 1835 628 1891 11)
677 1839 720 1880 et
767 1838 922 1881 tertiae
971 1838 1013 1894 (ᾧ
1038 1839 1129 1896 38).
1202 1840 1416 1894 Tandem,
1468 1854 1578 1896 quae
1628 1844 1673 1885 in
1723 1845 1831 1896 §28
1872 1846 1936 1888 in-

268 1914 502 1966 sequuntur
551 1915 593 1955 et
638 1912 723 1956 huc
766 1914 1040 1958 annectenda
1081 1918 1198 1970 sunt,
1248 1917 1408 1972 optime
1452 1918 1509 1961 ad
1554 1918 1660 1974 §19
1707 1920 1935 1977 quadrant,

267 1999 378 2041 quae
417 2000 558 2031 rerum
597 1989 778 2032 conexio
817 1990 862 2031 in
901 1990 1050 2045 prImis
1082 1992 1163 2033 illa
1193 1993 1434 2047 posteriore
1468 1993 1575 2048 §20
1607 1996 1826 2050 particula
1858 1998 1933 2040 im-

264 2061 448 2117 peditur.
518 2064 749 2107 Praeterea
787 2063 899 2107 nihil
938 2066 1040 2109 novi
1078 2067 1273 2109 afferunt.
1337 2068 1417 2111 His
1457 2070 1596 2113 causis
1636 2070 1846 2126 adducor,
1887 2076 1934 2116 ut

264 2138 309 2179 in
341 2136 460 2180 fonte
493 2138 516 2194 ξ
543 2140 599 2181 19
632 2139 736 2182 ilico
769 2139 876 2195 §28
910 2142 1166 2184 successisse
1199 2143 1395 2185 arbitrer.

388 2214 500 2257 Nam
545 2214 662 2270 quod
701 2214 900 2259 Stuevius
944 2218 995 2270 ἓξ
1020 2217 1202 2260 28-31
1249 2218 1452 2274 ignavam
1498 2221 1676 2264 tractari
1719 2223 1930 2267 rat-ionem

263 2302 444 2345 eamque
488 2293 654 2346 partem
694 2291 871 2335 aliunde
909 2296 956 2335 ut
997 2293 1187 2336 alienum
1227 2295 1461 2338 membrum
1502 2310 1528 2339 a
1567 2297 1775 2342 Cicerone
1816 2300 1931 2342 intra

262 2364 391 2408 fontis
436 2369 680 2409 contextum
723 2368 929 2411 insertam
975 2382 1069 2412 esse
1112 2372 1236 2425 putat
1278 2372 1336 2426 (p.
1361 2372 1498 2426 8sqq.
1539 2376 1582 2416 et
1619 2374 1711 2429 12),
1754 2376 1929 2419 minime

262 2441 506 2496 comprobo.
570 2442 704 2485 Immo
746 2445 788 2485 et
827 2444 1083 2498 gravissima
1120 2445 1266 2487 insunt
1299 2447 1442 2501 signa,
1488 2447 1642 2502 quibus
1674 2449 1929 2506 philosophi

248 2517 399 2559 ‚nostri
446 2518 555 2560 ratio
605 2520 859 2572 ostentetur,
909 2522 952 2561 et
1001 2533 1096 2562 eum
1145 2521 1348 2563 universa
1391 2523 1643 2575 quaestione
1688 2524 1759 2567 hic
1802 2527 1928 2569 locus

259 2592 470 2637 artissime
514 2596 578 2638 est
621 2593 886 2639 coniunctus.
962 2595 1074 2640 Tale
1122 2596 1290 2653 signum
1333 2597 1526 2654 inprimis
1570 2597 1594 2655 ξ
1626 2600 1683 2642 29
1731 2600 1927 2645 existimo

386 2705 417 2749 1)
444 2703 619 2744 Primum
647 2704 689 2743 id
717 2704 1020 2757 demonstravit,
1049 2707 1337 2747 convenienter
1362 2720 1452 2748 cum
1471 2712 1585 2759 parte
1603 2709 1729 2750 totius
1748 2711 1928 2762 disputa·

256 2765 379 2804 tionis
404 2767 542 2815 prima.

383 2829 416 2878 2)
437 2828 584 2869 Refert
600 2834 791 2870 annotare
811 2831 1017 2882 complura
1034 2843 1057 2872 a
1073 2833 1316 2883 philosopho
1336 2835 1519 2885 usurpari
1536 2836 1699 2876 nomina
1717 2848 1929 2879 causarum

255 2894 517 2943 aeternarum,
545 2897 741 2933 vocantur
766 2896 939 2934 naturae
964 2895 1197 2935 necessitate
1222 2899 1433 2937 manantes
1451 2902 1521 2937 aut
1538 2910 1683 2938 causae
1701 2899 1927 2942 cohibentes

255 2954 302 2995 in
326 2966 368 2994 se
393 2954 656 3006 efficientiam
682 2957 927 3008 naturalem,
965 2958 1084 2998 etiam
1115 2971 1259 2999 causae
1284 2960 1449 3011 fatales;
1486 2973 1560 3012 pro
1588 2963 1723 3003 causis
1749 2964 1926 3015 fortuito

255 3019 496 3070 anteyressis
528 3023 674 3069 postea
706 3020 851 3060 dicit-ur
883 3021 1036 3072 aliquid
1068 3023 1171 3061 serie
1203 3025 1311 3062 certa
1327 3023 1376 3074 (Ρ)
1405 3037 1621 3065 causarum
1647 3026 1710 3066 ita
1736 3040 1926 3069 casurum

253 3082 392 3134 fuisse,
419 3084 465 3123 ut
491 3082 695 3133 ceciderit3
722 3083 830 3124 unde
857 3085 1127 3136 cognoscitur,
1157 3089 1329 3136 quantae
1357 3099 1478 3129 curae
1504 3089 1541 3130 ei
1559 3089 1660 3131 haec
1678 3091 1926 3144 disceptatio

253 3146 413 3262 fuantaa)
441 3208 560 3258 Quod
587 3209 751 3250 dicitur:
779 3221 994 3252 causarum
1019 3211 1161 3253 seriem
1187 3213 1486 3266 sempiternam,
1513 3229 1551 3258 v.
1580 3217 1634 3259 de
1658 3218 1740 3260 div.
1760 3219 1781 3260 Ι
1799 3220 1823 3272 ἓ
1841 3224 1925 3262 125.
