2320 3772
1923 254 1985 298 45

312 400 376 430 ac.
408 386 451 430 II
500 388 786 441 §513—39
844 402 898 432 ex
959 388 1176 432 canonicis
1237 386 1480 442 exscriptae
1541 385 1644 439 sint,
1705 383 1798 428 fieri
1857 397 1984 439 posse

310 478 398 507 non
451 478 625 520 prorsus
678 479 806 521 nego,
863 478 1123 520 quamquam
1178 477 1246 506 me
1302 462 1476 517 quidem
1525 462 1609 506 hoc
1659 475 1747 505 non
1796 460 1984 516 probare

311 625 421 665 esse,
460 615 572 665 quod
606 615 673 653 hic
706 613 869 652 tandem
897 612 965 663 (ἓξ
985 617 1030 650 40
1051 612 1178 662 sqq.),
1216 622 1319 660 quae
1347 610 1424 650 iam
1452 613 1569 650 antea
1595 610 1830 661 propulsata
1859 612 1983 658 esset,

309 677 493 716 doctrina
511 676 848 716 Academicorum
876 675 1156 724 explicaretur,
1184 674 1236 713 ad
1256 684 1303 713 ea
1320 686 1429 724 vero,
1458 685 1560 723 quae
1579 678 1815 723 antegressa
1833 677 1983 720 essent,

307 748 388 778 non
414 738 746 788 responderetur:
775 747 895 786 quem
921 736 1102 775 ordinem
1121 736 1417 785 ineptissimum
1437 747 1526 775 esse
1543 735 1631 784 ipse
1649 735 1855 785 iudicavit,
1883 734 1982 773 alias

309 800 589 851 dispositionis
616 799 862 838 offensiones
889 799 1085 838 accedere
1114 800 1169 848 (p.
1190 801 1262 837 258
1282 799 1372 848 sq.).
1418 798 1492 836 His
1519 802 1655 837 autem
1673 797 1982 837 difficultatibus

309 863 495 903 omnibus
521 865 658 913 sperat
683 861 891 901 subveniri
916 873 1051 912 posse,
1078 873 1170 900 cum
1197 861 1417 899 coniciatur
1437 860 1583 900 Sosum
1609 859 1721 899 illum
1748 859 1872 900 fuisse
1900 860 1981 899 dia-

307 926 457 977 logum.
518 926 629 973 Quae
664 925 717 965 ad
752 936 840 965 eam
877 925 1148 965 coniecturam
1183 923 1434 974 probandam
1470 923 1665 974 deinceps
1700 923 1854 974 attulit,
1890 924 1984 974 quia

307 989 456 1028 nullius
474 989 669 1039 ponderis
687 992 791 1037 sunt,
812 988 967 1028 omitto.
1009 988 1208 1027 Hirzelius
1224 987 1314 1037 ipse
1333 987 1460 1027 obicit
1476 986 1545 1026 illa
1562 990 1696 1027 aetate
1714 987 1983 1037 philosophos

306 1065 388 1091 non
421 1052 506 1092 fere
542 1053 832 1103 conscripsisse
868 1052 1067 1104 dialogos.
1120 1052 1252 1092 Etiam
1290 1051 1332 1090 id
1366 1051 1546 1091 debebat
1571 1051 1841 1102 interrogare,
1876 1063 1984 1100 num,

308 1115 421 1167 quod
447 1116 488 1154 in
515 1116 697 1155 oratione
723 1119 921 1167 perpetua
945 1116 1260 1166 reprehensione
1279 1116 1450 1154 maxima
1468 1115 1636 1164 dignum
1656 1119 1729 1163 est,
1757 1115 1798 1153 in
1817 1115 1983 1164 dialogo

307 1178 458 1227 liceret,
488 1183 530 1217 et
556 1191 627 1218 cur
652 1179 756 1218 intra
782 1179 997 1230 §§13—39
1026 1178 1203 1229 optimus
1230 1178 1479 1218 inveniretur
1506 1177 1618 1228 ordo,
1645 1181 1792 1227 postea
1817 1177 1982 1227 nonita,

306 1240 469 1280 tandem
507 1253 577 1280 cur
605 1242 767 1292 Cicero,
804 1243 873 1291 qui
908 1242 1026 1292 alias,
1062 1242 1132 1281 ubi
1164 1242 1204 1280 in
1232 1241 1345 1280 fonte
1371 1254 1453 1280 non
1481 1245 1587 1291 erat,
1624 1241 1831 1290 dialogum
1858 1241 1983 1279 intro-

306 1304 431 1354 duxit,
460 1304 537 1354 hic,
564 1305 598 1343 si
625 1305 716 1344 fons
742 1304 975 1354 praebebat,
1004 1304 1210 1355 dialogum
1239 1304 1511 1344 exstincturus
1529 1303 1686 1343 fuisset.
1733 1303 1982 1343 Addendum

307 1370 382 1418 est,
411 1367 523 1418 quod
549 1368 771 1408 identidem
800 1368 852 1408 de
881 1368 1034 1408 eisdem
1061 1368 1183 1408 rebus
1208 1368 1354 1408 iterum
1382 1368 1514 1419 agitur
1533 1371 1575 1407 et
1592 1368 1662 1419 sic,
1689 1367 1862 1407 utnulla
1879 1379 1983 1407 voce

306 1431 559 1481 significetur
592 1431 671 1471 iam
706 1435 826 1472 antea
853 1432 1021 1472 eandem
1049 1444 1134 1472 rem
1161 1443 1253 1472 esse
1278 1435 1439 1472 tactam.
1493 1431 1586 1472 Iure
1613 1430 1840 1472 Schwenke
1867 1432 1983 1482 (Bur-

306 1494 415 1534 sians
442 1494 673 1535 Jahresber.
699 1495 854 1535 XXXV
874 1498 941 1544 79)
976 1496 1188 1545 respondit
1214 1518 1260 1523 ——
1290 1495 1343 1534 de
1376 1496 1427 1545 ἐξ
1449 1499 1597 1534 13-39
1634 1495 1800 1545 quidem
1827 1518 1877 1523 —
1903 1507 1984 1535 non

309 1558 350 1596 in
376 1558 586 1598 Philonem
611 1560 781 1610 pugnari
809 1563 850 1598 et
878 1559 1038 1609 (Philol.
1066 1559 1273 1600 Rundsch.
1302 1559 1360 1599 IV
1391 1561 1487 1599 1884
1522 1572 1563 1610 p.
1584 1563 1656 1598 878
1676 1560 1767 1610 sq.),
1796 1559 1984 1609 quoniam

308 1632 359 1659 ex
388 1620 479 1671 §49
506 1621 642 1661 Hirzel
672 1622 873 1671 duxisset,
910 1634 984 1672 per
1011 1622 1242 1672 complures
1270 1622 1357 1661 dies
1385 1622 1592 1672 dialogum
1619 1622 1722 1672 fieri,
1759 1622 1864 1661 male
1891 1634 1982 1661 con-

306 1684 461 1734 venire,
490 1685 602 1735 quod
630 1685 755 1725 Sosus
782 1697 886 1725 unus
913 1685 1017 1725 liber
1042 1685 1168 1725 fuisse
1196 1685 1377 1726 traditur.

434 1748 574 1787 Posita
601 1752 663 1788 est
689 1748 757 1788 illa
783 1749 1018 1788 coniectura
1043 1749 1083 1787 in
1110 1749 1134 1799 ξ
1157 1752 1221 1788 12:
1255 1749 1357 1787 Tum
1385 1751 1422 1788 et
1447 1749 1521 1788 illa
1549 1749 1661 1788 dimit
1677 1749 1926 1789 Antiochus,
1946 1781 1979 1789 ..

307 1813 344 1849 et
385 1811 471 1850 alia
499 1813 646 1862 plura,
681 1825 752 1851 nec
778 1825 818 1851 se
844 1812 986 1862 tenuit,
1015 1812 1117 1862 quin
1143 1814 1285 1852 contra
1310 1824 1428 1851 suum
1455 1812 1653 1852 doctorem
1681 1812 1829 1852 librum
1857 1813 1981 1852 etiam

309 1874 457 1924 ederet,
503 1876 574 1924 qui
611 1875 735 1914 Sosus
778 1875 1031 1914 inscribitur.
1098 1876 1285 1926 Pcrgitur
1328 1875 1558 1926 complures
1603 1876 1691 1915 dies
1732 1876 1979 1916 Heraclitum

309 1937 477 1990 Tyrium
503 1939 772 1980 Alexandriae
800 1943 940 1979 contra
964 1938 1210 1980 Antiochum
1238 1939 1494 1990 disseruisse,
1522 1939 1629 1979 hunc
1656 1942 1794 1980 contra
1819 1938 1978 1980 Acade-

307 2002 450 2051 mices,
493 2005 578 2041 tum
614 2002 779 2041 dicitur:
818 2003 990 2041 multum
1025 2002 1217 2053 temporis
1253 2003 1299 2041 in
1333 2003 1415 2041 ista
1448 2015 1533 2042 una
1570 2003 1849 2054 disputatione
1885 2016 1977 2043 con-

304 2064 559 2115 sumpsimus.
607 2064 700 2105 Sed
725 2077 777 2105 ea
803 2077 938 2118 pars,
967 2076 1088 2115 quae
1114 2067 1287 2105 eontra
1315 2064 1571 2106 Philonem
1599 2067 1727 2116 erat,
1748 2068 1977 2117 praetcr-

303 2128 554 2167 mittenda
601 2131 672 2168 est
705 2160 713 2168 .
747 2160 754 2169 .
784 2161 791 2169 .
854 2129 927 2168 Ad
961 2129 1237 2168 Arcesilam
1276 2129 1666 2180 Carneademque
1704 2131 1972 2171 veniamus.

306 2191 413 2238 Quid
449 2192 559 2232 aliud
594 2192 696 2232 haec
730 2192 808 2232 sibi
842 2192 1001 2244 volunt,
1037 2193 1113 2233 nisi
1140 2193 1283 2234 Sosum
1318 2205 1399 2233 non
1427 2204 1516 2234 esse
1543 2193 1696 2233 fontem
1722 2194 1976 2245 insequentis

305 2255 618 2305 disputationis?
670 2256 747 2302 Qui
779 2260 913 2296 autem
941 2269 1032 2295 cum
1061 2268 1108 2296 ea
1134 2257 1364 2297 coniectura
1390 2257 1594 2296 conciliari
1620 2261 1760 2307 potest
1785 2258 1976 2298 universa

304 2316 327 2367 ξ
350 2322 390 2355 17
410 2316 540 2357 ratio?
583 2316 752 2368 Deinde,
781 2319 969 2367 quoniam
995 2319 1035 2357 in
1063 2318 1086 2370 ἓ
1105 2322 1146 2358 11
1168 2316 1405 2370 Antiochus,
1433 2320 1554 2359 homo
1576 2323 1716 2359 natura
1733 2320 1975 2370 lenissimus,

303 2380 545 2420 stomachari
571 2381 758 2431 coepisse
786 2381 943 2431 dicitur,
971 2382 1010 2420 in
1031 2381 1244 2432 §319-—39
1263 2382 1549 2422 stomachantis
1567 2382 1667 2420 nihil
1686 2386 1759 2432 est,
1788 2382 1977 2422 defendit

306 2447 347 2484 et
374 2443 599 2495 coufirmat,
628 2444 738 2495 quod
764 2444 852 2495 ipse
879 2444 1013 2494 sentit,
1040 2456 1121 2485 non
1149 2445 1319 2485 offendit
1345 2447 1415 2484 aut
1441 2445 1676 2497 aggreditur
1702 2446 1973 2486 adversarios.

304 2509 444 2558 Longe
472 2519 570 2548 vero
598 2508 760 2549 diversa
784 2509 886 2548 ratio
914 2508 963 2560 ἐξ
983 2512 1030 2548 40
1049 2520 1157 2560 sqq.‚
1193 2509 1363 2548 maxime
1391 2508 1440 2560 ἐξ
1460 2512 1609 2549 53-55
1638 2513 1679 2549 et
1706 2509 1815 2561 §602
1852 2511 1975 2549 mani-

303 2570 565 2610 festissimum
601 2583 691 2611 esse
727 2576 846 2622 puto,
879 2572 980 2611 haec
1014 2584 1064 2611 ex
1091 2573 1194 2612 Soso
1229 2576 1390 2622 sumpta
1425 2584 1530 2620 esse,
1564 2572 1633 2611 illa
1665 2585 1747 2612 non
1780 2573 1972 2615 indidem.

302 2633 388 2673 Aut
425 2634 630 2684 quomodo
665 2634 750 2674 fieri
784 2638 939 2685 potest,
975 2638 1020 2674 ut
1052 2635 1092 2674 in
1119 2635 1208 2686 §49
1237 2636 1410 2675 dicatur:
1445 2635 1511 2674 Ad
1537 2635 1610 2674 has
1636 2646 1771 2674 omnes
1797 2636 1974 2676 visiones

301 2696 445 2734 inanes
471 2697 699 2736 Antiochus
734 2698 894 2747 quidem
929 2700 966 2736 et
993 2699 1200 2748 permulta
1236 2697 1390 2737 dicebat
1425 2700 1462 2736 et
1498 2700 1584 2737 erat
1619 2698 1665 2736 de
1701 2698 1776 2737 hac
1812 2711 1897 2738 una
1930 2712 1974 2738 re

300 2758 426 2798 unius
467 2758 549 2798 diei
588 2759 834 2811 disputatio:
876 2760 980 2800 mihi
1019 2761 1152 2800 autem
1191 2772 1274 2801 non
1313 2760 1418 2800 idem
1456 2760 1690 2811 faciendum
1727 2763 1847 2812 puto,
1893 2762 1975 2801 sed

301 2821 413 2871 ipsa
440 2822 609 2872 capita
637 2823 861 2873 dicenda,
896 2824 931 2862 si
956 2823 1035 2862 iam
1060 2827 1178 2863 antea
1202 2834 1282 2863 non
1309 2824 1431 2863 modo
1459 2825 1609 2874 capita,
1644 2825 1719 2864 sed
1745 2825 1974 2865 universam

301 2883 387 2923 fere
413 2884 637 2924 orationem
656 2885 797 2925 Cicero
822 2885 1115 2935 exscrIpserat?
1150 2884 1207 2925 At
1226 2897 1365 2926 omnes
1383 2886 1642 2926 difficultates
1661 2892 1973 2938 componuntur,

300 2948 335 2988 si
362 2947 536 2988 Cicero
565 2948 757 2989 duobus
784 2948 929 2988 libris
954 2947 1192 2989 Antiochi
1219 2949 1432 2989 diversis
1459 2961 1577 2989 usus
1606 2952 1699 3001 est,
1727 2948 1886 2990 altero
1914 2952 1974 2991 ad

301 3012 692 3052 conscribendas
730 3012 957 3063 §§13-—39‚
998 3012 1123 3052 Soso
1163 3013 1224 3051 ad
1263 3012 1490 3064 ἕξω-60.
1557 3014 1678 3053 Initio
1717 3014 1842 3064 igitur
1881 3015 1975 3055 Sosi

301 3076 525 3117 sententiae
558 3075 879 3116 adversariorum
905 3075 1084 3116 breviter
1109 3076 1371 3117 adumbratae
1398 3080 1510 3117 erant
1535 3076 1605 3128 (ἐξ
1623 3080 1671 3116 40
1690 3079 1816 3128 sqq.),
1855 3079 1973 3119 unius

302 3140 385 3180 diei
424 3140 645 3191 disputatio
686 3139 728 3190 (ἓ
747 3139 813 3189 49)
852 3139 946 3178 ficta
986 3144 1047 3179 est
1086 3139 1138 3179 ad
1172 3151 1295 3179 unum
1331 3140 1422 3179 Sosi
1456 3140 1620 3191 librum,
1660 3141 1804 3180 Cicero
1841 3143 1975 3192 capita

301 3208 455 3246 tantum
482 3203 694 3258 excerpsit,
723 3207 765 3244 ct
791 3202 903 3257 quod
928 3203 1006 3243 iam
1033 3203 1153 3244 alium
1181 3206 1298 3245 antea
1325 3203 1594 3258 exscripserat
1611 3204 1806 3247 Antiochi
1825 3205 1973 3249 librum
