2415 3772
422 275 483 319 44

425 416 521 447 cum
555 405 615 447 sit
646 406 833 458 verbum,
870 408 987 460 quod
1018 409 1131 451 idem
1167 408 1366 458 declaret,
1400 408 1543 461 mayc's
1565 409 1792 452 usitatum.
1846 410 2105 465 Equidem

424 482 571 523 soleo
620 483 801 532 etiam,
854 486 991 536 quod
1033 498 1134 527 uno
1182 483 1391 533 Graeci,
1437 485 1484 525 si
1527 484 1690 525 aliter
1730 498 1834 527 non
1868 500 2104 539 possum,

424 557 558 599 idem
582 557 835 611 pluribus
869 559 1040 603 verbis
1075 571 1336 614 eaeponere.
1384 558 1478 611 Quo
1512 558 1613 601 loco
1648 558 1924 603 confirmatur
1959 561 2104 606 Cice-

424 646 600 676 ronem
625 638 939 678 convertere
965 638 1199 680 voluisse
1219 661 1278 666 —
1297 635 1405 690 fugit
1423 634 1493 678 hic
1511 635 1690 678 verbum
1708 637 2004 690 convertendi,
2027 639 2104 681 sed

423 708 467 750 id
492 709 634 764 ipsum
653 710 888 765 significari
907 725 960 755 ex
980 713 1194 755 consimili
1212 713 1309 755 loco
1329 711 1382 754 de
1402 714 1488 767 opt.
1503 724 1600 766 gen.
1616 723 1675 754 or.
1694 710 1717 766 ᾧ
1736 710 1791 752 14
1810 712 2103 766 cognoscitur:

428 783 675 828 Converti
720 788 855 829 enim
902 801 950 830 ex
981 786 1147 831 Atticis
1171 821 1180 830 .
1205 821 1214 830 .
1239 821 1247 830 .
1273 789 1491 831 orationes
1515 821 1523 830 .
1549 821 1557 829 .
1582 801 1613 839 .,·
1655 800 1733 830 nec
1778 789 2014 831 converti
2054 791 2107 831 ut

424 864 637 917 'intem-es
682 865 772 907 sed
813 868 873 907 ut
916 868 1109 916 orator,
1155 866 1440 908 sententiis
1476 866 1659 908 iisdem
1693 867 1735 907 et
1767 877 1916 908 earum
1947 866 2103 919 formis

428 943 654 993 tamquam
686 942 852 995 fiyurz's,
901 942 1069 984 verbis
1106 942 1172 983 acl
1203 945 1442 985 nostram
1478 943 1908 985 consuetudinem
1943 943 2102 996 aptis,

427 1018 471 1059 in
518 1018 672 1070 qulbus
716 1030 820 1060 non
863 1019 1072 1060 verbum
1106 1031 1206 1071 pro
1247 1020 1400 1061 verbo
1434 1031 1645 1062 neeesse
1679 1019 1841 1062 habui
1871 1019 2102 1070 reddere,

424 1093 502 1134 secl
542 1105 681 1146 yellus
723 1105 846 1135 omne
887 1094 1112 1135 verborum
1144 1095 1315 1147 vimque
1348 1096 1519 1136 servavi
1550 1119 1611 1124 —
1646 1097 1689 1137 et
1722 1095 1850 1137 simul
1883 1094 1984 1138 inde
2019 1095 2102 1138 dis-

426 1169 574 1221 cimus,
610 1181 695 1223 qua
729 1169 898 1211 ratione
933 1168 1084 1212 Cicero
1120 1169 1396 1212 converterit.

548 1386 774 1429 Postremo
803 1383 846 1427 id
872 1397 1044 1440 quoque
1069 1384 1264 1440 cupimus
1288 1384 1410 1437 scire,
1446 1398 1505 1427 ex
1540 1397 1631 1440 quo
1666 1398 1824 1441 opere
1847 1386 2103 1430 Antiochi

419 1462 548 1504 haec
583 1461 872 1516 disputatio
909 1461 968 1503 dc
1002 1461 1110 1503 fato
1146 1464 1347 1515 sumpta
1380 1462 1464 1514 sit,
1500 1463 1631 1516 quale
1665 1465 1708 1504 et
1731 1465 1937 1516 quantum
1961 1463 2101 1506 fuerit.

419 1537 493 1580 De
527 1538 681 1580 libris
705 1550 828 1580 vero
853 1537 914 1580 ab
939 1535 1204 1580 Antiocho
1230 1536 1387 1580 editis
1413 1536 1555 1579 adhuc
1578 1536 1623 1580 id
1646 1540 1812 1580 tantum
1835 1541 2099 1595 compertum

418 1612 681 1669 habemus‚¹)
706 1615 858 1655 contra
880 1612 1109 1655 Philonem
1134 1613 1385 1667 magistrum
1409 1613 1463 1655 ab
1488 1626 1538 1655 eo
1562 1613 1720 1656 librum
1744 1615 1969 1669 vulgatum
1994 1627 2101 1668 esse,

419 1690 493 1745 qui
516 1689 648 1732 Sosus
682 1688 998 1732 inscribebatur
1032 1689 1138 1744 (Cic.
1161 1702 1223 1732 ac.
1247 1689 1290 1731 II
1318 1690 1369 1731 11
1393 1690 1486 1744 sq.)‚
1521 1689 1576 1731 ad
1605 1688 1654 1741 Q.
1673 1689 1887 1732 Lucilium
1911 1690 2097 1733 Balbum

418 1779 513 1810 eum
560 1766 728 1809 misisse
774 1766 931 1808 librum
973 1765 1028 1808 ad
1071 1757 1200 1827 ἦθος
1234 1767 1502 1821 spectantem
1537 1765 1609 1821 ((16
1644 1768 1730 1808 nat.
1766 1766 1882 1809 deor.
1917 1767 1938 1808 I
1965 1766 2100 1824 16),2)

418 1843 605 1897 denique
651 1838 896 1886 καυονικά
942 1855 1039 1884 611111
1081 1842 1409 1897 conscripsisse,
1455 1856 1509 1885 ex
1544 1855 1724 1896 quorum
1759 1843 1873 1886 libro
1908 1843 2097 1887 secundo

420 1919 578 1963 Sextus
629 1918 874 1974 Empiricus
924 1917 1031 1961 duos
1081 1919 1206 1961 locos
1257 1918 1483 1974 exscripsit
1534 1919 1645 1973 (VII,
1680 1919 1768 1961 162
1804 1921 1847 1962 et
1882 1918 1991 1976 201)
2043 1918 2099 1962 ad

417 1991 672 2053 αἰσθήσεις
706 1996 986 2049 pertinentes,
1022 1996 1176 2049 quales
1211 1997 1355 2037 essent
1388 1998 1431 2037 et
1466 2008 1550 2049 qua
1572 1996 1644 2036 via
1667 1998 1906 2038 orerentur.
1956 1995 2098 2047 Quae-

415 2071 545 2124 ritur,
580 2084 682 2113 1111111
717 2084 772 2113 ex
806 2069 873 2114 his
906 2070 1031 2114 libris
1067 2069 1184 2127 apud
1219 2070 1469 2115 Ciceronem
1505 2099 1562 2105 —
1598 2084 1697 2113 nam
1733 2073 1852 2114 certa
1884 2084 2097 2127 nusquam

415 2148 520 2189 alibi
566 2146 775 2190 habemus
823 2148 1009 2202 vestigia
1053 2150 1228 2202 praeter
1262 2147 1381 2190 Sexti
1414 2147 1624 2202 Empirici
1662 2149 1784 2190 locos
1819 2147 1947 2191 modo
1982 2161 2098 2190 com-

413 2226 675 2267 memoratos
708 2249 768 2265 ,—-
805 2223 973 2278 aliquid
1019 2226 1172 2267 exstet.
1239 2224 1323 2266 Pro
1369 2226 1486 2266 certo
1531 2223 1576 2265 id
1620 2236 1747 2278 posse
1781 2223 1865 2268 dici
1899 2223 1953 2267 de
1987 2223 2097 2268 Soso

412 2300 676 2355 putaverim,
721 2299 837 2342 unde
880 2312 943 2341 ac.
967 2300 1009 2342 II
1044 2297 1100 2358 §S
1126 2299 1325 2341 40—60
1371 2299 1546 2341 fluxisse
1580 2298 1834 2355 videntu1·.³)
1900 2300 1959 2342 Ut
1991 2313 2095 2343 vero

542 2410 574 2459 ¹)
603 2408 662 2450 Cf.
691 2409 902 2459 Susemihl‚
933 2408 1092 2449 GrIech.
1120 2408 1480 2459 Litteraturgesch.
1509 2408 1549 2447 lI
1575 2420 1615 2458 p.
1637 2411 1722 2448 290.

540 2475 571 2524 2)
601 2473 746 2523 Hirzel,
776 2473 923 2513 Philos.
944 2473 1105 2513 Unters.
1125 2472 1187 2512 111
1203 2475 1274 2512 273
1287 2484 1348 2523 sq.
1377 2475 1488 2512 recte
1516 2483 1567 2511 ex
1593 2471 1692 2522 ipsis
1720 2471 1840 2511 huius
1861 2471 1944 2512 loci
1963 2471 2098 2512 verbis

414 2538 625 2587 conclusit,
653 2538 761 2577 hunc
787 2537 933 2577 librum
959 2537 1045 2577 sine
1075 2536 1201 2576 dubio
1230 2548 1310 2576 non
1335 2548 1425 2576 esse
1445 2536 1603 2586 Sosum‚
1631 2535 1673 2574 id
1693 2535 1804 2585 quod
1822 2535 2033 2575 Krischius
2057 2539 2099 2575 et

413 2600 545 2639 Zeller
580 2600 777 2649 suspicati
814 2603 943 2649 erant,
981 2600 1056 2638 sed
1093 2610 1183 2638 eum
1219 2599 1384 2647 librum,
1423 2610 1473 2636 cx
1501 2609 1584 2647 quo
1612 2597 1664 2636 de
1692 2597 1757 2636 fin.
1786 2598 1874 2637 libr.
1902 2598 1962 2637 IV
1991 2602 2032 2637 et
2058 2599 2097 2638 V

412 2664 548 2702 hausti
599 2666 744 2703 essent.
812 2663 910 2701 Mihi
958 2665 1091 2701 tamen
1140 2662 1266 2701 verba
1313 2661 1414 2700 haec
1462 2661 1513 2700 ad
1552 2660 1641 2699 libr.
1683 2660 1734 2700 (16
1770 2660 1836 2700 fin.
1864 2661 1924 2702 IV
1964 2661 2096 2701 solum

411 2727 604 2765 videntur
638 2726 863 2775 respicere3
900 2736 1040 2774 quem,
1079 2736 1169 2763 cum
1202 2724 1255 2762 de
1283 2724 1434 2763 ambitu
1462 2723 1653 2762 librorum
1683 2723 1875 2762 Antiochi
1902 2737 1925 2763 a
1952 2725 2097 2764 ceteris

412 2790 650 2829 dissentiam
687 2792 727 2828 et
754 2789 831 2827 hac
859 2788 912 2827 (16
940 2799 1061 2827 causa
1087 2788 1255 2827 alterum
1283 2790 1436 2826 tantum
1465 2798 1604 2826 eorum
1632 2798 1818 2827 censeam
1845 2788 1897 2827 ad
1925 2787 2095 2828 Balbum

410 2853 578 2892 missum
604 2864 708 2902 6886,
737 2852 789 2890 ad
814 2851 1105 2901 philosophum
1123 2851 1351 2890 Stoicorum
1377 2850 1614 2900 disciplinae
1634 2850 1817 2889 deditum
1837 2850 2095 2891 verisimilius

412 2915 600 2955 existimo
631 2915 829 2955 directum
858 2914 988 2954 fuisse
1016 2925 1134 2964 quam
1163 2913 1215 2953 de
1244 2913 1308 2953 fin.
1326 2913 1374 2953 V.

539 2980 568 3029 ³)
599 2980 735 3019 Hirzel
763 2979 877 3030 (ibid.
898 2978 960 3018 ΙΙΙ
978 2992 1017 3029 p.
1034 2979 1123 3029 251)
1160 2978 1442 3029 comprobavit
1468 2978 1707 3018 sententiam
1735 2977 1928 3029 Krischii,
1964 2978 2097 3018 omnia

412 3054 435 3081 a
463 3043 485 3093 ξ
509 3046 553 3082 13
582 3043 633 3082 ad
661 3043 752 3092 §60
792 3054 845 3082 ex
872 3043 976 3083 Soso
1015 3045 1104 3082 orta
1139 3054 1246 3082 esse.
1299 3042 1358 3081 At
1391 3042 1481 3092 ipse
1510 3042 1702 3092 exposuit
1727 3045 1820 3092 (254
1839 3042 1966 3092 sqq.),
2003 3052 2095 3080 cum

412 3106 522 3155 prior
557 3106 843 3156 disputationis
878 3118 974 3157 pars
1011 3117 1141 3156 usque
1176 3106 1228 3145 ad
1262 3105 1352 3157 §39
1383 3105 1536 3156 optime
1562 3106 1667 3145 inter
1693 3116 1738 3145 86
1766 3115 1920 3145 conexa
1948 3106 1989 3143 et
2016 3102 2095 3142 dis-

412 3167 546 3218 posita
582 3173 710 3220 esset,
747 3169 891 3210 ordine
925 3169 1134 3221 praeclaro
1163 3172 1205 3210 et
1231 3169 1307 3220 ita,
1344 3172 1389 3208 ut
1414 3168 1605 3209 refutatio
1633 3167 1975 3208 Academicorum
2002 3166 2094 3215 §39

413 3231 601 3272 absoluta
628 3237 736 3273 esset
764 3238 805 3274 et
830 3233 930 3273 nihil
956 3233 1064 3274 ultro
1093 3233 1407 3284 desideraretur,
1434 3236 1569 3273 tamen
1591 3232 1719 3283 pergi,
1747 3235 1789 3271 et
1807 3229 2094 3271 alienissMum
