2311 3772
283 283 340 327 14

277 411 384 454 licet
438 415 689 455 accuratam
744 413 899 458 horum
949 415 1177 458 verborum
1228 413 1485 457 sententiam
1536 417 1759 470 excutere,
1813 415 1859 459 id
1909 429 1962 459 ea

278 486 466 543 prodere
522 491 646 547 puto,
704 503 781 533 suo
839 490 1013 533 ductum
1068 490 1250 534 consilio
1300 490 1426 532 illum
1477 488 1593 534 hanc
1643 492 1962 536 contentionem

279 564 523 618 quaestioni
573 578 678 608 suae
729 566 782 609 de
833 566 923 610 fato
973 567 1195 610 institutae
1244 566 1493 609 intexuisse.
1571 566 1656 610 Cur
1703 566 1748 608 id
1798 566 1961 622 fecerit,

279 642 433 695 postea
488 643 875 697 perscrutabimur:
935 656 1049 686 nunc
1103 641 1148 685 id
1204 642 1390 698 quodam
1444 642 1536 685 iure
1589 641 1961 697 interrogaverim,

280 729 471 770 quanam
521 719 690 761 ratione
740 720 958 762 contentio
1008 720 1090 761 illa
1141 719 1194 762 de
1244 720 1323 772 eis,
1374 732 1485 774 quae
1533 718 1626 762 fieri
1670 718 1855 773 possint,
1904 717 1961 759 ad

280 792 620 849 disputationem
655 794 709 838 de
743 794 832 838 fato
867 796 1001 851 possit
1034 795 1202 839 referri.
1256 796 1417 839 Mentio
1451 794 1498 838 fit
1525 794 1651 839 huius
1674 793 1962 839 contentionis

281 871 412 912 etiam
458 872 575 925 apud
608 872 888 914 Plutarchum
924 872 977 913 de
1011 872 1192 915 Stoicor.
1215 886 1305 926 rep.
1331 886 1365 915 c.
1391 873 1471 925 46,
1518 874 1590 926 qui
1632 875 1752 914 recte
1784 871 1961 923 iudicat,

281 945 467 989 Diodori
514 947 773 990 sententiam
815 947 951 989 multo
986 948 1124 1002 magis
1159 961 1287 1003 quam
1322 947 1554 1003 Chrysippi
1589 947 1831 990 consentire
1865 959 1962 989 cum

281 1022 543 1063 necessitate
577 1021 667 1074 fati,
703 1035 832 1076 quam
856 1022 990 1064 Stoici
1022 1023 1208 1076 professi
1242 1024 1337 1064 sint.
1387 1023 1439 1064 Id
1462 1036 1566 1065 vero
1589 1022 1862 1064 manifestum
1885 1024 1961 1073 est,

282 1111 308 1139 a
357 1096 513 1140 Stoicis
569 1098 693 1140 illinc
750 1101 1048 1151 argumentum
1105 1098 1161 1141 ad
1215 1098 1348 1141 fatum
1404 1098 1676 1153 probandum
1730 1112 1817 1140 non
1866 1110 1961 1140 esse

281 1171 532 1225 deductum;
569 1173 742 1215 omnino
777 1172 891 1215 hanc
924 1170 1039 1231 περὶ
1076 1170 1309 1217 δυνατῶν
1344 1175 1640 1228 quaestIonem
1675 1186 1770 1216 cum
1800 1173 1884 1214 illa
1907 1171 1961 1214 de

280 1247 370 1289 fato
416 1249 690 1290 coniunxisse
735 1261 823 1290 non
868 1247 1081 1293 videntur.
1148 1248 1249 1290 Veri
1294 1250 1437 1291 simile
1471 1249 1553 1291 hac
1587 1249 1755 1290 ratione
1788 1247 1836 1290 fit
1867 1248 1960 1289 iure

280 1323 536 1367 Ciceronem
587 1323 733 1366 dicere
783 1324 1079 1378 quaestionem
1129 1322 1241 1382 περὶ
1291 1322 1524 1369 δυνατῶν
1572 1327 1709 1367 totam
1754 1319 1960 1385 λογικὴν

281 1411 372 1441 esse
406 1399 447 1454 (ξ
478 1398 533 1456 1).

410 1475 497 1519 Sed
527 1477 759 1529 unicuique
781 1477 886 1518 licet
909 1476 965 1518 ad
989 1477 1247 1519 sententiam
1271 1490 1391 1519 suam
1414 1477 1685 1531 probandam
1709 1479 1962 1531 argumenta

280 1549 570 1605 undecunque
612 1551 785 1593 afferre:
831 1551 893 1592 ita
932 1550 1217 1606 philosophus
1251 1554 1399 1594 noster
1432 1551 1693 1606 praesidium
1728 1564 1782 1594 ex
1814 1551 1962 1605 logica

281 1627 454 1681 petivit,
501 1640 589 1669 non
633 1628 839 1681 ignorans
885 1640 965 1682 per
1009 1640 1055 1669 se
1099 1628 1214 1669 illud
1257 1629 1467 1682 placitum
1512 1642 1538 1669 a
1584 1628 1837 1682 quaestione
1883 1640 1962 1669 sua

281 1703 470 1745 alienum
516 1715 629 1755 esse,
676 1706 718 1744 et
757 1703 818 1744 ita
848 1702 1192 1756 intellegendum
1228 1705 1309 1745 est:
1358 1703 1444 1756 Qui
1478 1703 1597 1745 loeus
1631 1704 1815 1756 attinyit
1847 1703 1962 1744 hane

282 1779 590 1831 quaestionem.
663 1778 812 1832 Atque
861 1777 995 1820 sensit
1044 1781 1162 1821 recte
1211 1777 1412 1821 Stuevius
1462 1792 1503 1834 p.
1530 1779 1588 1821 38
1607 1791 1668 1833 sq.
1719 1779 1869 1833 augeri
1918 1780 1961 1821 et

280 1852 537 1909 amplificari
570 1853 753 1896 Diodori
800 1844 989 1912 ἀξίωμα
1008 1855 1040 1908 ¹)
1085 1856 1128 1897 et
1162 1855 1438 1909 aliquatenus
1479 1855 1749 1908 commutari,
1794 1854 1962 1897 scilicet

279 1930 521 1973 sententiae
570 1930 824 1985 philosophi
873 1931 1010 1973 nostri
1054 1930 1338 1974 ostentandae
1385 1934 1427 1974 et
1471 1931 1766 1974 declarandae
1812 1943 1959 1982 causa3

279 2007 398 2051 ducit
440 2008 583 2062 illinc,
630 2007 746 2063 quod
791 2008 1156 2063 argumentationi
1200 2021 1302 2051 suae
1349 2009 1607 2052 concinnum
1648 2011 1724 2051 est.
1790 2008 1852 2050 At
1892 2008 1961 2050 cui

279 2084 672 2139 argumentationi?
733 2084 834 2127 Sine
886 2084 1017 2127 dubio
1068 2098 1165 2127 cum
1216 2084 1391 2127 dicitur:
1443 2086 1518 2138 qui
1568 2086 1686 2127 loeus
1737 2085 1964 2138 attinyit

280 2161 414 2203 hane
470 2163 851 2214 quaestionem,
916 2162 1118 2215 quoniam
1175 2162 1302 2203 nulla
1357 2161 1526 2204 accedit
1580 2161 1812 2216 appositio,
1875 2174 1961 2214 qua

279 2250 491 2291 quaenam
527 2236 636 2279 haec
672 2238 728 2279 sit
762 2238 958 2292 quaestio
993 2236 1273 2292 significetur,
1307 2236 1376 2280 hic
1409 2237 1453 2278 in
1487 2236 1630 2279 media
1663 2249 1809 2279 sumus
1833 2249 1960 2291 argu-

279 2314 556 2356 mentatione.
623 2313 745 2365 Quae
791 2315 920 2368 igitur
966 2327 1019 2356 ea
1065 2313 1161 2356 est?
1226 2314 1419 2356 Necesse
1463 2313 1634 2356 videtur
1679 2326 1791 2366 esse,
1835 2315 1883 2354 ut
1916 2311 1962 2354 id

280 2402 605 2446 cognoscamus,
640 2403 693 2434 ea
727 2403 840 2446 quae
876 2389 1138 2434 antecedunt
1173 2389 1418 2434 accuratius
1453 2402 1724 2446 percensere.

409 2468 467 2510 Ut
512 2480 618 2509 vero
667 2470 785 2509 certa
829 2467 1115 2521 reperiamus,
1161 2468 1235 2508 vix
1281 2468 1370 2508 alia
1410 2466 1501 2508 fieri
1533 2466 1692 2520 poterit
1726 2467 1798 2507 via
1831 2468 1960 2518 atque

279 2556 425 2586 rursus
471 2543 525 2585 ab
569 2544 649 2586 illo
695 2544 802 2595 §17
849 2546 1120 2585 revertamur
1163 2543 1330 2584 initium
1378 2541 1594 2585 faciendo.
1659 2541 1838 2593 Nescio,
1886 2553 1963 2583 cur

281 2617 601 2671 Schmekelius,
649 2631 733 2673 quo
777 2618 822 2660 in
861 2616 936 2673 §7
972 2629 1073 2660 usus
1109 2619 1174 2659 est
1208 2616 1336 2670 duce,
1382 2615 1566 2659 eundem
1600 2616 1672 2659 hic
1706 2618 1961 2671 aspernatus

281 2695 347 2736 sit.
425 2694 629 2748 Legimus
673 2694 805 2747 igitur
848 2694 893 2734 in
938 2694 1064 2745 §172
1111 2692 1200 2735 Sed
1249 2694 1317 2735 ad
1363 2693 1518 2735 illam
1565 2693 1794 2736 Diodori
1842 2705 1960 2735 eon-

285 2771 588 2820 tentionem,
625 2782 757 2823 quam
789 2766 922 2828 περὶ
958 2767 1229 2814 δυνατῶν
1263 2769 1503 2823 appellant,
1536 2771 1881 2820 revertamur,
1913 2769 1962 2812 in

283 2859 389 2899 qua,
437 2847 544 2899 quid
585 2847 735 2888 valeat
776 2846 824 2888 id
868 2847 986 2899 quod
1027 2846 1125 2899 fieri
1157 2847 1322 2899 possit,
1369 2847 1619 2898 anquiritur
1663 2845 1704 2902 (ξ
1730 2845 1787 2901 7).
1853 2845 1961 2887 Inde

280 2922 502 2978 digressae
548 2925 672 2966 erant
716 2922 766 2979 ἐξ
795 2922 849 2965 15
886 2925 928 2965 et
965 2920 1041 2975 16;
1087 2921 1202 2965 unde
1250 2921 1443 2966 ordiatur
1477 2921 1706 2978 digressio,
1751 2921 1961 2965 facillime

409 3047 438 3096 ¹)
477 3046 628 3086 Totum
669 3047 896 3086 continetur
935 3046 1138 3097 (conferas
1175 3046 1297 3086 etiam
1335 3046 1426 3098 §13
1464 3049 1505 3086 et
1535 3046 1640 3086 Plut.
1668 3046 1694 3085 l.
1715 3046 1766 3096 c.)
1806 3044 1961 3084 verbis:

279 3109 419 3149 Placet
446 3110 581 3161 igitur
604 3110 792 3150 Diodoro
819 3110 871 3149 id
903 3110 1058 3150 solum
1091 3109 1218 3160 fieri
1242 3121 1405 3160 posse,
1439 3109 1566 3160 quod
1592 3111 1679 3149 aut
1705 3119 1867 3148 verum
1893 3106 1963 3146 sit

280 3175 366 3213 aut
405 3185 569 3213 verum
607 3173 836 3224 futurum
876 3174 957 3213 sit.
1020 3174 1111 3214 Hoc
1149 3173 1277 3214 multo
1317 3173 1542 3224 simplicius
1579 3176 1621 3213 et
1654 3172 1822 3213 brevius
1859 3180 1962 3219 esse,

279 3248 400 3286 quam
429 3247 534 3286 quae
562 3236 759 3286 deinceps
787 3236 1065 3286 explanantur,
1093 3236 1352 3276 manifestum
1379 3240 1454 3276 est.
