2385 3758
510 240 571 283 48

507 370 693 424 partium
735 370 962 427 dispositio
997 372 1038 428 (ξ
1066 373 1108 428 1)
1143 370 1386 414 notionibus
1419 370 1546 414 nimis
1580 372 1875 417 communibus
1909 374 1951 418 et
1982 373 2183 417 inanibus

507 445 740 489 inducitur.

637 522 754 577 Ergo
796 527 1003 578 quantum
1044 524 1274 577 convertit,
1313 522 1579 576 laudandus,
1621 526 1828 577 quantum
1867 525 1961 579 ipse
2003 528 2182 568 conatus

510 600 575 640 est
597 611 674 641 suo
698 599 875 642 arbitrio
899 599 1029 643 fontis
1053 600 1246 643 ordinem
1270 602 1445 653 mutare,
1473 598 1858 654 reprehendendus
1882 602 1958 653 est,
1981 602 2183 654 quoniam

509 672 621 715 nihil
660 674 865 728 profecit,
905 676 1033 718 immo
1075 676 1265 731 corrupit
1304 675 1718 730 argumentationem
1760 675 1960 718 auctoris.
2030 675 2185 718 Liber

511 747 570 791 de
616 749 728 792 fato
773 749 888 793 fons
934 754 1012 794 est
1054 752 1347 794 sententiae
1388 750 1652 804 Antiochi,
1698 750 1880 794 Cicero
1919 751 2183 806 propriam

509 839 609 868 non
643 825 991 886 profitetur,¹)
1022 828 1104 870 nisi
1128 827 1339 871 credimus
1364 828 1615 883 quaestione
1637 827 1719 869 illa
1741 829 1764 880 ξ
1785 828 1811 869 6
1835 827 2065 882 verbosa2)
2089 841 2182 870 eam

511 902 743 944 contineri:
779 916 889 956 quae
927 903 1098 957 quidem
1135 903 1270 946 verba
1303 904 1487 946 oratoris
1517 907 1627 958 sunt,
1661 904 1875 947 sententia
1897 906 2038 946 autem
2062 904 2184 958 vulgi

510 979 576 1019 est
616 978 690 1019 vel
724 978 936 1020 levissimi
971 979 1175 1033 cuiusque
1209 979 1411 1033 hominis,
1451 992 1538 1022 non
1571 979 1821 1035 philosophi
1855 978 1908 1023 de
1942 979 2181 1022 conexione

511 1064 735 1094 causarum
772 1055 814 1094 et
848 1052 901 1094 de
937 1052 1026 1095 fato
1061 1053 1243 1108 physice
1278 1054 1393 1097 dicto
1429 1055 1501 1108 (de
1536 1054 1621 1097 div.
1656 1055 1677 1096 I
1710 1055 1734 1111 ξ
1762 1054 1869 1111 125)
1902 1054 2183 1110 inquirenti83

510 1127 660 1169 Cicero
695 1140 751 1169 ne
785 1129 872 1168 tum
909 1127 1096 1181 quidem,
1130 1131 1360 1182 postquam
1395 1129 1530 1171 libros
1562 1129 1615 1171 de
1640 1129 1906 1172 divinatione
1930 1130 2185 1185 conscripsit

509 1205 550 1244 et
585 1203 629 1243 in
665 1202 955 1256 disputatione
980 1203 1191 1245 Antiochi
1226 1204 1393 1245 versari
1427 1205 1582 1258 coepit,
1616 1204 1997 1258 animadverterat,
2030 1206 2074 1246 in
2098 1218 2183 1260 quo

507 1290 638 1320 causa
672 1278 939 1321 consisteret.
992 1279 1162 1321 Nomen
1186 1278 1316 1334 igitur
1340 1282 1383 1322 et
1404 1279 1651 1323 universam
1676 1279 1954 1337 disciplinam
1976 1280 2184 1325 Antiochi

506 1356 694 1396 sectatus
729 1357 804 1408 est,
839 1367 966 1409 quem
998 1358 1193 1398 senserat
1217 1368 1311 1397 eum
1337 1355 1534 1398 doctrina
1557 1356 1920 1400 Academicorum
1945 1370 2183 1412 congruere

505 1431 758 1485 negantium
802 1430 937 1474 fatum
984 1444 1095 1474 esse:
1142 1431 1295 1486 quibus
1336 1431 1390 1475 de
1433 1433 1572 1475 causis
1614 1436 1656 1476 et
1692 1446 1777 1488 qua
1809 1434 1975 1477 ratione
2009 1433 2054 1476 id
2089 1447 2182 1477 esse

504 1508 706 1560 negaret,
751 1506 950 1552 Ciceroni
989 1519 1173 1561 magnae
1215 1519 1344 1549 curae
1383 1520 1471 1549 non
1506 1510 1617 1560 erat;
1662 1509 1766 1550 satis
1799 1507 1988 1552 habebat
2020 1522 2183 1563 negare

506 1585 579 1624 aut
613 1581 824 1636 dubitare,
859 1585 905 1624 ut
940 1582 1231 1625 Academicus
1260 1582 1492 1626 videretur.

633 1719 660 1764 ¹)
697 1718 788 1757 Hoc
824 1728 947 1757 ausus
974 1728 1062 1757 sum
1089 1718 1281 1757 iudicium
1308 1719 1511 1769 proferre,
1549 1730 1790 1770 quamquam
1817 1720 1972 1759 initium
2002 1720 2184 1770 disputa-

503 1781 626 1819 tionis
662 1780 799 1830 deest,
836 1781 906 1820 ubi
942 1792 1057 1820 suam
1086 1782 1228 1821 Cicero
1256 1782 1363 1821 solet
1389 1783 1630 1822 sententiam
1657 1794 1879 1833 exponere:
1916 1796 2011 1822 num
2037 1784 2077 1822 in
2105 1784 2184 1823 hoc

505 1843 608 1882 libro
646 1844 688 1881 id
723 1844 933 1893 copiosius
960 1843 1121 1893 fecerit,
1158 1845 1378 1883 nescimus:
1415 1846 1449 1884 si
1474 1844 1592 1895 fecit,
1628 1849 1780 1896 tamen,
1818 1858 1922 1896 quae
1949 1846 2051 1895 dixi,
2088 1858 2184 1885 vera

505 1918 598 1945 esse
626 1909 762 1945 certus
789 1918 889 1945 sum.

634 1970 664 2020 ²)
692 1968 753 2008 Cf.
781 1982 819 2019 p.
841 1973 956 2020 losq.
