2325 3772
414 252 440 292 2

410 390 490 419 nec
521 391 589 420 me
624 391 672 421 ex
707 391 758 421 ea
793 381 1008 433 opinione,
1044 395 1176 436 quam
1210 396 1237 425 a
1265 383 1502 426 maioribus
1527 386 1674 438 accepi
1696 385 1748 428 de
1772 387 1891 429 cultu
1915 387 2091 430 deorum

412 454 741 508 immortalium,
775 456 913 499 ullius
947 471 1157 511 umquam
1191 462 1331 501 oratio
1367 462 1446 501 aut
1473 461 1589 502 docti
1611 465 1692 503 aut
1711 463 1878 505 indocti
1897 464 2091 505 movebit.

413 528 502 571 Sed
551 543 647 572 cum
699 531 750 573 de
794 532 1005 586 reliqione
1051 536 1215 588 aqitur,
1270 536 1331 577 Ti.
1365 534 1704 587 Coruncanium,
1753 537 1804 579 P.
1834 537 2090 592 Scipionem,

411 605 461 646 P.
487 605 764 657 Scaevolam,
801 609 1035 661 pontifices
1074 612 1306 662 maximos,
1351 624 1440 654 non
1472 611 1690 655 Zenonem
1724 615 1805 654 aut
1839 611 2091 657 Cleanthem

412 685 493 723 aut
523 680 812 736 Chrysippum
845 697 1004 737 sequor
1037 686 1258 739 habeoque
1285 686 1326 729 C.
1344 688 1550 730 Laelium
1585 701 1791 742 auqurem
1827 689 2091 742 eundemque

411 759 669 810 sapientem,
722 772 847 812 quem
887 762 1042 813 potius
1089 763 1270 805 audiam
1317 764 1525 806 dicentem
1571 766 1622 807 de
1665 765 1872 820 reliqione
1917 766 1964 807 in
2007 765 2091 807 illa

412 836 611 877 oratione
649 836 789 878 nobili
829 850 962 889 quam
1004 851 1262 892 quemquam
1290 842 1537 893 principem
1577 840 1830 884 Stoicorum.
1901 840 2091 895 Gumque

413 913 553 954 omnis
588 913 749 966 populi
780 913 977 956 Romani
1013 915 1166 969 reliqio
1207 917 1254 958 in
1294 929 1423 959 sacra
1458 920 1500 959 et
1530 918 1577 959 in
1613 918 1811 970 auspicia
1845 918 1987 961 divisa
2019 919 2089 968 sit,

414 989 588 1029 tertium
633 989 889 1030 adiunctum
934 992 1009 1040 sit,
1055 993 1096 1033 si
1135 993 1242 1043 quid
1274 993 1592 1044 praedictionis
1628 1006 1763 1036 causa
1798 1006 1847 1036 ex
1869 995 2089 1047 portentis

413 1065 454 1105 et
496 1065 704 1107 monstris
739 1063 936 1119 Sibyllae
979 1067 1232 1120 interpretes
1278 1067 1580 1122 haruspicesve
1612 1072 1889 1122 monuerunt,
1933 1070 2089 1113 harum

412 1152 488 1192 eqo
532 1141 795 1192 reliqionum
838 1142 1011 1182 nullam
1054 1155 1264 1193 umquam
1308 1145 1667 1186 contemnendam
1700 1147 1864 1197 putavi
1898 1146 2089 1198 mihique

408 1215 475 1256 ita
525 1217 751 1267 persuasi,
812 1215 1052 1257 Romulum
1108 1218 1334 1270 auspiciis,
1396 1217 1592 1260 Numam
1647 1221 1785 1262 sacris
1841 1222 2088 1264 constitutis

405 1289 702 1342 fundamenta
736 1291 886 1333 iecisse
918 1294 1097 1333 nostrae
1131 1293 1333 1343 civitatis,
1369 1306 1481 1345 quae
1513 1307 1753 1346 numquam
1767 1296 1970 1348 profecto
1994 1298 2088 1339 sine

408 1378 580 1408 summa
615 1366 876 1419 placatione
918 1367 1095 1410 deorum
1129 1369 1443 1411 immortalium
1480 1373 1607 1412 tanta
1641 1383 1732 1413 esse
1756 1373 1978 1425 potuisset
2009 1406 2017 1414 .
2043 1406 2052 1415 .
2076 1406 2085 1415 .

406 1440 450 1482 A
490 1445 528 1483 te
552 1443 666 1483 enim
684 1443 950 1495 philosopho
973 1445 1190 1485 rationem
1214 1446 1404 1497 accipere
1429 1447 1555 1488 debeo
1578 1447 1814 1500 reliqionis‚
1847 1449 2087 1491 maioribus

409 1519 556 1559 autem
604 1519 768 1561 nostris
819 1519 951 1560 etiam
998 1520 1129 1561 nulla
1177 1521 1350 1563 ratione
1397 1521 1572 1563 reddita
1623 1523 1791 1565 credere
1837 1556 1846 1565 .
1870 1556 1878 1565 .
1904 1556 1913 1565 .
1990 1523 2085 1579 §9:

405 1593 527 1635 Mihi
568 1595 680 1635 enim
720 1607 857 1635 unum
897 1597 969 1637 sat
1003 1598 1114 1645 erat,
1154 1597 1220 1637 ita
1253 1597 1378 1639 nobis
1409 1598 1598 1639 maiores
1630 1600 1803 1640 nostros
1840 1599 2084 1643 tradidisse.

406 1668 568 1710 Mansit
611 1669 742 1722 igitur
777 1669 928 1712 Cicero
974 1670 1082 1712 civis
1117 1671 1353 1723 Romanus,
1398 1671 1736 1715 studiosissimus
1780 1686 1886 1715 sane
1930 1674 2084 1716 artium

403 1743 689 1797 ingenuarum
724 1747 767 1786 et
802 1743 999 1787 discendi
1031 1745 1344 1800 cupidissimus,
1379 1746 1457 1788 sed
1490 1759 1662 1802 semper
1696 1749 1819 1802 quasi
1848 1748 2008 1804 hospes
2042 1753 2084 1793 et

405 1818 641 1872 discipulus
672 1820 717 1860 in
741 1819 903 1861 scholis
926 1819 1287 1875 philosophorum
1312 1821 1589 1876 Graecorum,
1625 1823 1670 1864 in
1692 1824 1896 1866 universa
1917 1825 2083 1867 ratione

404 1897 446 1936 et
479 1894 696 1937 sentiendi
731 1897 774 1938 et
808 1894 982 1938 dicendi
1015 1899 1174 1939 orator.
1241 1895 1367 1949 Quod
1400 1898 1631 1953 proverbio
1667 1898 1840 1943 dicitur:
1886 1899 2082 1944 docendo

403 1970 620 2024 discimus,
655 1972 816 2026 optime
852 1972 1037 2026 quadrat
1070 1974 1114 2014 in
1146 1973 1434 2029 philosophas
1469 1975 1561 2017 eius
1589 1976 1932 2019 exercitationes.
1981 1978 2083 2032 Ipse

404 2046 457 2088 de
490 2049 578 2091 nat.
603 2046 720 2089 deor.
744 2047 764 2088 I
799 2046 873 2102 §9
909 2048 1040 2089 animi
1072 2060 1119 2090 se
1153 2048 1423 2102 aegritudine
1459 2052 1717 2092 commotum
1751 2063 1839 2093 non
1873 2050 2001 2094 modo
2026 2052 2082 2094 ad

401 2122 615 2177 legendos
650 2122 800 2170 libros,
838 2122 915 2165 sed
949 2123 1080 2165 etiam
1115 2123 1171 2165 ad
1204 2127 1338 2166 totam
1372 2124 1696 2179 philosophiam
1729 2126 2082 2181 pertractandam

402 2210 447 2240 se
483 2197 655 2240 dedisse
689 2197 912 2241 confessus
946 2199 1106 2254 pergit:
1155 2212 1326 2242 omnes
1362 2202 1533 2242 autem
1569 2201 1679 2244 eius
1703 2204 1891 2256 partes
1926 2205 2082 2257 atque

403 2276 576 2316 omnia
636 2275 860 2316 membra
924 2277 1029 2317 tum
1082 2276 1348 2328 facillime
1401 2280 1709 2328 noscuntur,
1774 2291 1882 2320 cum
1939 2282 2081 2321 totae

404 2351 743 2402 quaestiones
787 2350 1066 2393 scribendo
1109 2350 1450 2404 explicantur
1635 2352 1720 2408 Qui
1760 2356 1906 2397 autem
1938 2355 2079 2408 requi·

401 2429 523 2475 runt,
571 2427 678 2478 quid
721 2439 892 2478 quaque
936 2427 988 2468 de
1031 2439 1078 2469 re
1122 2428 1209 2480 ipsi
1251 2429 1509 2478 sentiamus,
1556 2430 1769 2472 curiosius
1812 2430 1861 2472 id
1891 2431 2079 2483 faciunt,

403 2515 535 2556 quam
558 2515 728 2546 necesse
753 2506 827 2546 est.
867 2503 919 2545 In
941 2503 1206 2546 Tusculanis
1231 2506 1372 2547 autem
1398 2504 1761 2561 disputationibus
1785 2506 1822 2561 (I
1845 2505 1894 2563 ἕξ
1917 2507 1938 2549 1
1955 2507 2078 2562 sqq.),

401 2579 475 2620 ubi
516 2580 684 2621 litteras
723 2579 905 2621 Latinas
949 2592 1044 2620 cum
1080 2578 1256 2622 Graecis
1301 2580 1484 2634 confert,
1529 2584 1756 2636 postquam
1801 2583 1967 2637 priores
2011 2596 2078 2635 re-

400 2654 634 2708 prehendit
682 2655 813 2695 libros
851 2653 1042 2696 Latinos
1087 2655 1406 2698 inconsiderate
1448 2658 1650 2711 scriptos,
1701 2657 1817 2711 quod
1862 2658 1942 2700 sibi
1984 2658 2078 2712 ipse

401 2729 687 2784 proposuerit,
721 2729 782 2771 sic
818 2728 1036 2772 describit:
1076 2729 1219 2784 Quare
1251 2732 1297 2774 si
1338 2732 1547 2785 aliquid
1588 2733 1861 2776 oratoriae
1904 2733 2078 2777 laudis

399 2807 556 2846 nostra
619 2804 849 2846 attulimus
911 2806 1150 2856 industria,
1211 2808 1349 2849 multo
1412 2808 1653 2851 studiosius
1697 2809 2078 2862 philosophiae

398 2881 582 2934 fontes
618 2881 925 2933 aperiemus,
963 2894 983 2923 e
1018 2882 1172 2935 quibus
1208 2884 1339 2926 etiam
1371 2884 1455 2926 illa
1487 2884 1783 2940 manabantl)

528 2956 741 3008 Quoniam
766 2959 908 3000 autem
933 2958 1177 3002 etiamnunc
1213 2959 1272 3002 de
1308 2959 1560 3007 Cicerone
1593 2960 1912 3018 philosopho
1941 2960 2076 3004 valde

398 3033 653 3088 discrepant
697 3033 956 3087 sententiae,
1001 3047 1081 3089 ego
1128 3036 1189 3078 eis
1231 3035 1464 3089 assentior,
1510 3038 1584 3091 qui
1617 3036 1857 3080 defendunt
1890 3050 1988 3079 eum
2021 3036 2075 3078 ab

526 3143 557 3192 ¹)
584 3140 645 3183 Cf.
676 3141 797 3182 etiam
825 3141 876 3181 de
904 3141 969 3182 fin.
989 3142 1008 3181 Ι
1035 3142 1246 3195 §§1sqq.,
1283 3147 1328 3184 ut
1363 3144 1477 3185 locos
1511 3144 1552 3185 in
1588 3157 1637 3186 ea
1671 3157 1715 3186 re
1750 3145 1923 3185 maxime
1957 3144 2076 3185 tritos

394 3206 562 3247 afferam
590 3216 743 3245 omnes.
