2320 3786
1857 241 1914 285 15

243 372 442 427 sentitur,
486 386 513 415 a
544 373 686 417 verbis
719 373 942 418 videlicet:
985 373 1087 417 Hoc
1123 373 1214 416 loeo
1251 369 1523 426 Chrysippus
1700 368 1913 421 Quoniam

244 451 388 493 autem
430 448 480 506 ἐξ
504 450 530 493 5
566 452 608 493 01
642 451 668 493 6
715 451 1013 495 constituimus
1047 464 1074 493 a
1107 449 1319 494 Cicerone
1352 446 1632 502 interpositas
1667 457 1781 498 esse,
1826 445 1919 487 veri

244 526 508 569 simillimum
542 527 608 581 sit,
642 527 825 570 eundem
858 526 968 570 haec
1002 538 1174 581 quoque
1199 523 1378 568 aliunde
1401 522 1626 575 adiecisse,
1661 521 1916 577 praesertim

244 615 341 645 cum
375 602 431 646 ad
463 617 553 646 rem
586 603 697 646 nihil
730 605 928 646 afferant:
962 603 1090 645 immo
1125 601 1386 645 distineatur
1418 600 1469 643 iis
1505 599 1527 656 ξ
1558 598 1614 640 14
1649 601 1691 641 01
1725 597 1840 654 §17,
1876 600 1918 640 et

244 678 394 723 Cicero
437 694 524 724 non
568 679 677 722 vidit
720 691 774 722 ex
820 678 869 735 ἐξ
900 679 954 721 13
989 681 1032 721 01
1068 678 1126 721 14
1172 677 1496 721 conclusionem
1536 676 1630 732 ipsa
1665 671 1691 733 ἓ
1723 675 1775 717 17
1811 673 1915 717 fieri.

242 757 293 799 In
342 757 618 799 contentione
664 752 777 812 περὶ
823 753 1054 799 δυνατῶν
1098 754 1281 798 Diodori
1325 754 1582 797 sententiam
1627 751 1916 808 philosophus

242 835 390 876 noster
431 832 608 888 probat,
654 830 885 887 Chrysippi
928 831 1163 887 improbat,
1206 830 1337 886 idque
1369 832 1616 886 tantopere,
1661 831 1707 872 ut
1741 827 1914 872 studeat

245 907 558 960 demonstrare,
609 907 645 948 si
690 906 975 961 Chrysippus,
1026 919 1136 960 (11130
1182 919 1237 948 ex
1279 907 1514 961 praedictis
1559 906 1717 948 divinis
1762 906 1816 947 ab
1863 918 1914 947 eo

243 984 532 1039 comprobatis
577 986 911 1037 consequantur,
954 986 1072 1026 recte
1114 983 1312 1038 colligat,
1357 983 1650 1026 necessarium
1690 995 1784 1025 esse
1818 995 1914 1025 eum

243 1057 437 1101 D10doro
472 1058 672 1101 assentiri
705 1057 772 1115 (ἐξ
799 1059 855 1101 13
881 1060 922 1101 01
949 1058 1037 1114 14).
1095 1058 1165 1101 Sic
1199 1059 1440 1100 conciliatis
1474 1058 1657 1099 inimicis
1692 1058 1914 1099 sententiis

244 1136 319 1176 vel
362 1135 493 1178 unitis
540 1139 582 1177 et
614 1137 659 1176 in
693 1135 874 1177 eandem
909 1136 1089 1189 coactis,
1134 1135 1342 1177 videlicet
1374 1134 1573 1187 Diodori,
1618 1134 1717 1177 huic
1751 1147 1914 1176 summo

243 1209 335 1253 iure
359 1209 540 1253 Diodori
572 1212 711 1254 solum
744 1210 855 1254 indit
887 1224 1043 1254 nomen
1078 1213 1120 1253 et
1154 1223 1208 1253 ex
1241 1209 1324 1254 1130
1358 1211 1453 1253 sola
1486 1210 1627 1265 pergIt
1649 1208 1913 1252 concludere

242 1285 287 1327 in
320 1285 344 1341 ξ
372 1286 446 1328 17;
479 1286 637 1329 Placet
666 1287 833 1340 iyitar
863 1286 1096 1329 Diodoro
1131 1321 1140 1330 .
1165 1319 1174 1328 .
1199 1319 1208 1328 .
1258 1286 1342 1328 Vix
1367 1285 1575 1328 credibile
1600 1288 1676 1338 est,
1710 1285 1913 1339 quoniam

243 1373 289 1403 se
334 1363 609 1404 contentione
653 1363 732 1403 illa
776 1361 1022 1404 introducta
1066 1365 1190 1403 extra
1231 1375 1321 1404 rem
1367 1374 1588 1415 egressum
1633 1373 1727 1403 esse
1771 1359 1913 1415 philo-

243 1434 403 1491 sophus
442 1438 589 1479 noster
626 1449 714 1479 non
753 1436 1000 1491 ignorabat,
1046 1435 1229 1478 eundem
1269 1436 1423 1478 iterum
1457 1437 1572 1478 intra
1604 1435 1717 1478 hanc
1753 1435 1915 1490 digres—

243 1512 405 1553 sionem
457 1512 586 1553 aliam
631 1513 803 1553 minime
847 1513 1137 1554 necessariam
1181 1513 1459 1554 interiecisse.
1536 1513 1651 1565 Ergo
1696 1512 1915 1555 Ciceronis

242 1586 446 1643 propriae
496 1590 594 1630 sunt
643 1586 692 1643 ἐξ
720 1587 775 1630 15
817 1589 861 1630 01
904 1588 978 1640 16;
1029 1589 1074 1630 31
1122 1586 1236 1630 1111ᾱο
1286 1587 1435 1630 ortae?
1501 1588 1613 1630 Nam
1656 1587 1795 1642 ipsum
1841 1600 1912 1630 ex-

242 1663 454 1717 cogitasse
498 1663 612 1706 hanc
646 1663 879 1718 Chrysippi
921 1663 1224 1706 refutationem
1264 1676 1345 1718 ego
1380 1663 1553 1717 quidem
1587 1677 1674 1706 non
1708 1663 1913 1705 concedo.

244 1738 339 1790 Qua
380 1738 434 1781 de
478 1751 609 1781 causa
652 1752 739 1803 11011
784 1752 838 1781 ex
880 1740 985 1794 ipsis
1019 1739 1254 1794 Chrysippi
1292 1739 1434 1793 libris,
1480 1752 1588 1793 quos
1622 1752 1719 1781 eum
1752 1739 1913 1793 legisse

242 1817 407 1858 certum
451 1818 532 1868 est,
578 1815 655 1858 sed
699 1818 773 1857 aut
818 1828 873 1858 ex
912 1814 1185 1859 Clitomacho
1233 1818 1306 1857 3111
1350 1829 1404 1858 ex
1437 1816 1644 1858 Panaetio
1685 1815 1913 1858 fluxerunt.

240 1891 335 1946 Ego
371 1892 461 1934 veri
494 1891 675 1935 similius
708 1894 811 1948 puto
834 1891 1089 1935 Panaetium
1124 1904 1217 1935 esse
1251 1891 1426 1947 fontem,
1461 1905 1516 1935 ex
1549 1905 1634 1947 quo
1670 1891 1723 1935 de
1759 1891 1844 1936 div.
1868 1892 1912 1933 ΙΙ

240 1967 290 2023 ἓξ
315 1969 499 2010 87-97
535 1968 685 2011 Cicero
730 1969 1029 2023 exscripserat.
1094 1969 1322 2010 Nonnulla
1360 1969 1454 2023 ipse
1487 1968 1673 2025 addidit,
1716 1969 1911 2023 inprimis

241 2057 311 2098 ea,
362 2043 513 2099 quibus
559 2043 826 2100 Chrysippus
875 2043 1073 2087 illuditur
1122 2043 1164 2100 (ξ
1191 2043 1267 2087 15:
1322 2043 1358 2087 0
1410 2045 1630 2088 licentiam
1673 2044 1911 2087 iocularem

241 2121 299 2174 [v.
323 2118 346 2176 ξ
371 2119 466 2176 38]1
505 2132 560 2163 ne
591 2121 683 2174 ipse
715 2120 887 2163 incidat
915 2121 963 2162 in
994 2120 1302 2175 Diodoram‚1)
1349 2120 1473 2163 docet
1507 2119 1777 2173 Chaldaeos,
1826 2133 1909 2173 quo

230 2199 367 2249 pacto
408 2209 479 2239 eos
519 2208 725 2250 seponere
753 2199 962 2250 percepta
999 2199 1229 2250 oporteat).
1294 2196 1460 2238 Eodem
1493 2210 1598 2239 vero
1633 2196 1763 2239 etiam
1797 2209 1908 2250 quae

238 2271 281 2314 in
317 2270 414 2328 §11
454 2271 506 2314 de
528 2272 745 2326 perceptis
781 2273 890 2315 artis
923 2271 1086 2328 scripta
1120 2274 1230 2326 sunt,
1265 2284 1376 2326 qaae
1402 2270 1575 2315 Graeca
1602 2264 1909 2331 θεωρήματα

241 2348 455 2401 dieantur,
487 2348 739 2403 respiciunt3
774 2351 934 2403 quanta
967 2360 1069 2403 pars
1103 2349 1206 2401 §12
1240 2349 1343 2391 inde
1365 2351 1535 2404 sumpta
1557 2349 1623 2403 sit,
1657 2361 1745 2391 non
1769 2348 1908 2391 audeo

238 2423 490 2468 diiudicare.
556 2425 728 2469 Certum
771 2423 855 2468 1100
899 2427 965 2468 est
999 2423 1248 2468 Ciceronem
1294 2423 1575 2469 similitudine
1610 2425 1801 2481 exempli
1833 2424 1908 2468 ad-

238 2499 431 2554 ductum,
480 2512 607 2555 quem
652 2500 904 2543 meminerat
948 2496 994 2543 se
1037 2501 1217 2555 legisse,
1263 2501 1531 2544 consimilem
1574 2501 1719 2543 locum
1766 2500 1908 2544 denuo

238 2577 454 2619 evolvisse
504 2580 546 2619 et
593 2577 678 2619 huc
726 2577 976 2629 inseruisse3
1027 2577 1082 2619 ad
1125 2577 1306 2620 verbum
1351 2580 1493 2620 autem
1537 2576 1646 2620 haec
1690 2576 1910 2633 descripta

236 2664 324 2694 non
358 2654 469 2706 sunt,
503 2655 620 2696 certe
653 2665 741 2696 non
775 2652 798 2710 ξ
825 2653 894 2708 12,
928 2653 965 2696 si
999 2652 1171 2709 quidem
1205 2653 1329 2697 illinc
1364 2655 1459 2697 orta
1492 2656 1568 2697 est.

362 2727 424 2769 At
462 2727 571 2770 11300
605 2729 906 2784 paragraphus
940 2729 1044 2784 quid
1078 2730 1158 2772 sibi
1190 2731 1346 2783 vellet,
1380 2730 1484 2772 mihi
1519 2730 1808 2774 confitendum
1844 2735 1910 2773 est

236 2815 303 2845 me
346 2816 498 2858 parum
541 2805 828 2859 perspexisse.
893 2805 946 2848 Id
990 2819 1242 2861 persuasum
1284 2805 1445 2860 habeo,
1492 2820 1546 2849 ex
1590 2807 1740 2851 eodem
1777 2807 1908 2861 fonte,

235 2877 350 2921 unde
391 2877 441 2934 ἐξ
469 2879 670 2932 13—14,
716 2879 830 2923 hanc
874 2879 1135 2936 descriptam
1178 2894 1266 2924 non
1311 2894 1416 2925 esse.
1482 2883 1617 2938 Apud
1652 2883 1907 2926 Ciceronem

236 2955 349 2998 enim
381 2953 452 2997 hic
486 2957 550 2997 est
584 2953 690 2997 ordo
723 2956 1128 3010 argumentationis:
1163 2971 1189 2999 a
1211 2957 1425 3012 principio
1454 2957 1671 3001 inducitur
1693 2959 1906 3014 exemplis

236 3031 277 3086 (ξ
307 3031 398 3086 13),
443 3033 532 3073 111111
576 3029 746 3073 demum
790 3030 990 3074 inimicae
1036 3032 1119 3074 sibi
1159 3036 1436 3088 opponuntur
1469 3034 1708 3077 sententiae
1743 3031 1788 3092 (ἓ
1818 3034 1906 3091 13),

362 3194 393 3244 ¹)
420 3192 510 3233 Hoc
538 3203 658 3244 quam
684 3191 854 3232 maxime
881 3191 1103 3233 absurdum
1131 3194 1206 3232 est.
