2297 3744
393 239 465 300 ᾖ

389 389 658 442 improbaret
690 393 732 433 et
762 391 877 433 nihil
903 391 1035 434 vellet
1055 392 1148 434 sine
1160 390 1429 444 praepositis
1453 390 1600 433 causis
1623 389 1801 446 sebaim,
1836 402 2080 436 causarum·

392 477 555 519 yenera
600 466 849 521 distinquit‚
893 470 945 510 ut
985 470 1026 510 et
1061 467 1362 510 necessitatem
1404 465 1613 520 effuyiat:
1621 468 1676 508 et
1668 467 1883 511 distineat
1911 469 2072 523 fatum

391 542 599 584 Miramur
645 543 803 597 primo,
848 543 965 597 quod
1008 544 1088 585 illa
1132 542 1350 586 conclusio
1395 554 1484 584 non
1529 535 1682 597 cadim
1725 523 1969 589 fanones
1892 546 2072 622 υἱώιριιιιει

391 616 436 658 in
481 616 590 672 §32
625 618 688 672 (et
721 619 847 673 523)
892 617 1184 662 collaudatur:
1230 617 1306 661 sed
1351 616 1453 660 huic‘
1472 616 1599 673 parti
1621 600 1762 667 affinis
1775 589 1937 674 &iffi
1896 604 2177 694 steps-*i

393 692 555 745 silium3
603 706 656 736 ea
698 694 832 748 igitur
877 707 1018 749 neque
1063 694 1246 749 probata
1278 703 1419 749 neque
1452 693 1695 749 improbata
1728 667 2073 748 Οὴιῗείῥῇᾓρὲ

391 769 568 822 ponitur
601 769 832 822 sententia,
866 783 921 812 ne
955 783 1008 812 ea
1042 770 1250 824 quidem
1238 770 1410 813 mimice
1435 770 1681 825 opponitur,
1714 768 1927 823 deinceps
1943 767 2072 821 huius

392 844 618 888 conclusio
653 845 840 888 maxima
874 857 971 888 cum
1005 845 1316 889 benevolentia
1351 845 1575 889 disseritur
1604 847 1678 888 aut
1701 842 1959 897 defenditur,
1993 841 2071 887 sed

391 921 471 975 ita,
516 924 563 963 ut
608 922 737 964 simul
782 922 885 964 satis
930 923 1110 964 multum
1153 923 1240 975 illi,
1286 935 1371 976 qua
1414 921 1547 964 fatum
1594 934 1689 964 esse
1723 923 1923 976 negatur,
1969 932 2071 963 con-

393 995 592 1038 cedatur:
637 996 744 1051 §42
784 997 926 1051 Quam
960 997 1011 1039 ob
1044 1010 1152 1048 rem,
1199 998 1275 1050 qui
1305 998 1371 1039 ita
1403 998 1550 1051 fatum
1582 997 1882 1047 introducunt,
1915 998 1967 1038 ut
1996 1007 2069 1038 ne-

394 1072 638 1114 cessitatem
685 1072 952 1125 adiungant,
998 1073 1047 1113 in
1083 1084 1164 1114 -eos
1208 1073 1373 1114 valebit
1413 1073 1497 1114 illa
1531 1073 1770 1124 conclusio,·
1818 1073 1893 1125 qui
1926 1073 2072 1114 autem

393 1159 553 1189 causas
599 1147 899 1190 antecedentes
942 1159 1033 1189 non
1079 1147 1224 1189 dicent
1255 1148 1482 1201 perfectas
1526 1160 1664 1201 neque
1687 1147 1979 1201 principales,
2023 1147 2072 1188 in

393 1234 463 1263 eos
496 1221 611 1263 nihil
641 1222 815 1264 valebit.
882 1222 994 1264 Tum
1028 1222 1172 1264 relata
1207 1222 1581 1277 argumentatione
1616 1221 1851 1278 Chrysippi
1883 1222 1928 1264 in
1961 1220 2070 1277 §44

390 1296 635 1339 ostenditur
664 1297 858 1352 exceptis
882 1297 957 1350 eis,
992 1297 1065 1351 qui
1088 1300 1250 1351 negent
1274 1299 1549 1340 assensiones
1573 1298 1739 1340 anteire
1759 1298 1869 1350 visa,
1903 1299 2071 1339 ceteros

389 1386 443 1416 re
479 1373 800 1426 consentire,
835 1372 1042 1415 etiamsi
1075 1371 1173 1415 fati
1206 1373 1413 1416 nomine
1449 1372 1721 1416 differant:
1745 1386 1844 1415 nam
1867 1374 2070 1428 utrosque

389 1449 633 1492 concedere
666 1462 756 1491 non
788 1449 885 1502 fieri
918 1450 1192 1492 assensiones
1221 1451 1315 1492 sine
1328 1451 1642 1503 praecursione
1662 1451 1873 1500 visorum5
1906 1448 2071 1502 Chry-

391 1526 594 1580 sippum
628 1525 791 1568 dixisse
827 1527 1096 1569 assensionis
1120 1527 1371 1580 proximam
1402 1530 1444 1569 et
1465 1528 1753 1569 continentem
1777 1538 1957 1568 causam
1981 1537 2071 1568 esse

392 1602 439 1642 in
486 1602 579 1644 viso
626 1602 843 1655 positam,
899 1614 988 1644 non
1038 1601 1200 1644 dixisse
1251 1614 1347 1644 eam
1397 1614 1578 1645 causam
1629 1603 1689 1644 ad
1737 1600 2071 1644 adsentiendum

389 1669 684 1719 necessariam
720 1689 820 1726 esse,
857 1690 959 1730 ergo
994 1677 1029 1718 si
1064 1676 1181 1719 dicat
1215 1679 1364 1719 omnia
1394 1678 1494 1730 fato
1526 1677 1633 1730 fieri,
1666 1690 1755 1720 non
1785 1676 1930 1719 dicere
1950 1677 2071 1718 velle

392 1753 540 1795 omnia
575 1753 720 1796 causis
752 1752 1011 1796 necessariis
1043 1752 1156 1806 fieri3
1191 1753 1306 1797 illis
1340 1753 1544 1808 quoniam
1576 1751 1820 1797 concedant
1841 1751 1956 1795 nihil
1976 1750 2073 1805 fieri

390 1829 484 1870 sine
508 1829 844 1882 praeyressione
878 1841 1050 1879 causae,
1085 1829 1120 1871 si
1153 1828 1237 1871 hoc
1270 1828 1386 1871 idem
1420 1830 1474 1872 sit
1507 1832 1637 1884 atque
1672 1830 1821 1871 ommia
1842 1828 1941 1882 fato
1963 1827 2069 1880 fieri,

391 1903 682 1947 confitendum
727 1917 823 1948 esse
867 1903 957 1948 fato
1003 1904 1147 1947 omnia
1191 1903 1315 1948 effici.
1384 1903 1595 1948 Confecta
1641 1907 1706 1949 est
1747 1903 1857 1948 haec
1897 1905 2070 1947 senten-

389 1981 545 2022 tiarum
596 1980 854 2035 disceptatio
905 1983 948 2024 et
998 1981 1246 2024 conciliatio
1295 1982 1318 2034 ἓ
1344 1980 1424 2035 44,
1480 1983 1687 2036 quantum
1742 1979 1917 2042 quidem
1974 1991 2070 2022 cum

390 2056 710 2099 assensionibus
746 2057 1035 2112 coniungitur,
1070 2056 1229 2099 deinde
1262 2056 1453 2100 breviter
1486 2056 1527 2112 (ξ
1552 2056 1630 2111 45)
1666 2057 1841 2099 ommino
1864 2054 1920 2098 ad
1945 2067 2070 2098 casus

390 2132 506 2173 vitae
539 2132 805 2186 prospicitur
838 2135 881 2174 et
915 2131 1067 2174 eadem
1101 2132 1268 2175 ratione
1299 2132 1542 2174 sententiae
1565 2132 1766 2174 inimicae
1790 2130 2071 2174 conferuntur

390 2210 433 2250 et
465 2209 784 2263 comparantur.
829 2207 1018 2251 Dubium
1042 2221 1130 2251 non
1153 2210 1229 2261 est,
1264 2208 1367 2263 quin
1390 2221 1478 2251 non
1500 2208 1638 2251 multa
1658 2207 1919 2264 perierint‚¹)
1953 2207 2070 2250 certe

389 2298 477 2327 non
523 2283 576 2328 de
621 2285 716 2340 ipso
762 2287 1029 2340 argumento.
1106 2285 1386 2339 Habemus,
1438 2298 1569 2340 quae
1612 2283 1909 2328 Antiochus
1957 2283 2069 2339 ipse

390 2360 570 2412 sensit,
624 2373 681 2401 ea
733 2373 876 2413 sanc,
930 2373 1061 2414 quae
1107 2359 1401 2415 Chrysippo
1454 2363 1504 2403 et
1556 2360 1879 2403 adversariis
1935 2372 2069 2401 com-

390 2434 563 2477 munia
610 2447 722 2478 esse
769 2434 914 2489 dicit,
958 2435 1072 2478 nihil
1114 2435 1211 2488 fieri
1253 2436 1348 2479 sine
1391 2436 1537 2479 causis
1579 2433 1951 2485 antecedentibus,
1996 2445 2070 2476 eas

391 2513 532 2554 autem
577 2523 669 2553 non
714 2523 805 2554 esse
846 2512 1120 2555 necessarias
1153 2511 1194 2567 (ᾗ
1219 2511 1316 2566 44);
1365 2512 1628 2564 quibusdam
1670 2512 1719 2553 in
1758 2510 1885 2552 rebus
1925 2510 2071 2552 causis

392 2590 657 2642 anteyressis
689 2589 738 2630 in
769 2591 926 2631 nostra
963 2591 1108 2631 tamen
1142 2600 1233 2630 esse
1256 2590 1490 2641 potestate,
1523 2590 1576 2630 ut
1597 2587 1681 2630 illa
1705 2587 1835 2630 aliter
1857 2587 2069 2637 eveniant,

393 2676 576 2716 quorum
610 2675 771 2706 causae
802 2664 972 2717 fuerint
1003 2664 1044 2716 (ξ
1064 2663 1154 2718 45).
1199 2663 1295 2705 Hac
1324 2662 1637 2719 disceptatione
1658 2663 1794 2719 ipsius
1816 2661 2070 2719 philosophi

393 2740 639 2782 continetur
668 2740 893 2793 sententia,
929 2739 964 2782 si
988 2739 1264 2782 concedimus
1288 2752 1384 2783 eum
1410 2740 1596 2790 consilio
1619 2742 1662 2783 et
1684 2740 1922 2794 voluntate,
1957 2751 2069 2794 quac

390 2815 589 2870 legimus,
615 2816 936 2872 conscripsisse.
976 2815 1064 2870 Illi,
1088 2828 1270 2871 quorum
1294 2816 1616 2859 conclusionem
1638 2816 1683 2858 in
1705 2815 1729 2871 ξ
1747 2815 1808 2859 40
1830 2816 2069 2867 rettulerat,

389 2892 615 2945 neyabant
650 2892 750 2945 fato
792 2891 1119 2935 assensionibus
1161 2891 1356 2934 adhibito
1396 2892 1699 2934 necessitatem
1739 2891 1794 2933 ab
1834 2890 1902 2933 his
1931 2900 2070 2944 ‘posse

390 2969 610 3019 removeri,
645 2968 739 3023 ipse
773 2966 933 3023 docuit,
969 2967 1203 3024 Chrysippi
1236 2977 1330 3024 ope,
1364 2966 1448 3011 hoc
1480 2966 1573 3011 fieri
1605 2974 1747 3023 posse.

518 3080 547 3130 ¹)
586 3079 754 3131 Signum
790 3080 832 3120 id
868 3088 1035 3131 quoque
1070 3079 1141 3130 sit,
1181 3079 1294 3131 quod
1321 3079 1412 3130 §45
1441 3078 1493 3120 de
1519 3081 1727 3130 potestate
1752 3080 1892 3119 nostra
1918 3075 2068 3127 agitur3

390 3143 488 3183 satis
523 3143 843 3184 demonstratum
878 3147 941 3184 est
976 3143 1145 3184 liberam
1178 3143 1433 3184 voluntatem
1467 3143 1594 3184 totius
1629 3140 1917 3193 disputationis
1952 3139 2070 3190 quasi

390 3206 709 3261 fundamentum,
737 3207 978 3259 principium
1009 3210 1051 3248 ct
1076 3207 1196 3248 finem
1224 3219 1313 3249 esse
1339 3206 1410 3260 (cf.
1439 3207 1562 3248 etiam
1590 3204 1648 3246 ac.
1667 3206 1709 3246 11
1736 3204 1858 3258 §39>.

2171 735 2297 767 Nx
