2356 3758
461 278 520 321 36

459 421 558 451 cum
592 407 844 452 definitione
878 423 904 451 a
938 406 1083 451 Gellio
1117 403 1275 449 tradita
1309 401 1513 455 adducor,
1548 401 1623 456 qui
1645 402 1728 445 VII
1752 402 1778 444 2
1815 400 1939 446 dicit:
1973 390 2140 444 Fatum

462 487 537 535 est,
571 485 718 538 inquit
748 483 936 539 (scilicet
959 477 1259 540 Chrysippus),
1294 479 1557 533 sempiterna
1591 478 1807 530 quaedam
1837 480 1879 520 et
1899 477 2139 520 indeclina-

462 561 563 603 bilis
597 562 729 603 series
761 573 908 602 rerwm
943 562 984 601 et
1016 561 1172 601 eatena
1205 556 1379 598 volvens
1413 556 1547 598 semet
1577 554 1676 606 ipSa
1709 565 1801 595 sese
1836 556 1878 594 ei
1908 554 2141 607 implicans

452 650 538 690 per
578 640 778 679 aeternos
819 635 1149 688 consequentiae
1189 633 1378 682 ordines,
1425 644 1473 673 ex
1507 630 1662 683 quibas
1698 630 1805 681 apta
1836 640 2033 680 nexaque
2067 631 2141 670 est.

462 712 574 767 Ipsa
615 716 761 755 autem
800 712 931 754 rerba
968 709 1220 765 Chrysippi,
1268 710 1479 763 qnantum
1518 705 1641 748 ralui
1671 704 1900 754 memoria,
1947 703 2142 756 ascripsi,

461 792 530 839 nt,
571 790 611 831 si
645 790 715 831 cui
746 801 888 830 meum
920 787 1042 829 istud
1073 787 1503 839 interpretamentum
1535 782 1749 824 ridebitur
1782 793 1872 823 esse
1906 780 2142 828 obscurius,

466 866 526 908 ad
569 866 708 919 &osius
751 865 881 906 rerba
927 863 1263 905 animadvertat.
1328 860 1386 902 In
1434 860 1539 901 libro
1586 858 1699 900 enim
1741 852 1855 913 περὶ
1901 850 2144 913 προνοίας

466 943 622 993 quarto
678 935 976 999 εἱμαρμένην
1033 950 1124 980 esse
1175 938 1280 979 dicit
1328 930 1543 994 φυσικήν
1591 946 1704 977 τινα
1753 926 1988 988 σύνταξιν
2037 927 2143 973 τῶν

466 1007 604 1060 ὅλων
639 1011 690 1072 ἐξ
725 1006 890 1059 ἀϊδίου
925 1013 1032 1057 τῶν
1066 1008 1252 1071 ἑτέρων
1284 1018 1389 1064 τοῖς
1425 1005 1610 1069 ἑτέροις
1645 999 2145 1053 ἐπακολουθούντων

464 1089 547 1135 καὶ
598 1087 1056 1149 μεταπολου,ιιένων
1073 1090 1106 1142 1)
1168 1080 1497 1145 ἀπαραβάτου
1558 1076 1708 1143 οὔσης
1766 1083 1852 1143 τῆς
1911 1075 2145 1138 τοιαύτης

463 1163 754 1225 ἐπιπλοκῆς.
809 1165 912 1207 Sine
947 1163 1076 1206 dubio
1111 1163 1345 1217 utriusque,
1381 1162 1423 1203 et
1448 1160 1583 1203 Gellii
1617 1161 1660 1201 et
1683 1157 1904 1211 Antiochi,
1938 1157 2147 1200 intererat

462 1244 690 1297 vulgarem
740 1241 971 1294 tritamque
1023 1237 1318 1281 definitionem
1370 1235 1604 1290 Chrysippi
1654 1235 1826 1287 afferre;
1884 1233 1987 1275 talis
2036 1232 2146 1275 haec

461 1319 592 1363 fuisse
627 1317 811 1361 videtur.
878 1317 984 1360 Cum
1018 1316 1157 1371 prima
1191 1316 1354 1367 autem,
1396 1325 1526 1367 quam
1559 1310 1787 1363 habemus,
1828 1308 1933 1352 libri
1967 1307 2021 1351 de
2057 1307 2146 1350 fato

461 1398 604 1451 parte,
656 1394 858 1450 quoniam
910 1392 966 1435 ad
1012 1393 1287 1435 conexionern
1329 1390 1403 1431 vel
1451 1387 1523 1443 (de
1565 1386 1654 1430 fato
1703 1387 1797 1442 §7)
1846 1385 2148 1440 eontayionern

461 1486 608 1515 rerum
639 1472 851 1528 pertinet,
895 1469 1013 1512 haud
1048 1470 1162 1511 male
1197 1467 1418 1518 convenit,
1460 1464 1575 1520 quod
1610 1462 1694 1506 hac
1728 1462 1979 1505 definitione
2012 1460 2146 1504 fatum

464 1549 723 1593 describitur
778 1560 872 1590 esse
928 1540 1145 1603 φυσικήν
1199 1558 1310 1588 τινα
1365 1537 1603 1598 σύνταξιν
1652 1539 1758 1584 τῶν
1808 1530 1965 1583 iilam:
2023 1537 2148 1592 quasi

465 1625 656 1668 sentiens
701 1636 747 1666 se
793 1635 903 1665 voce
949 1621 1194 1664 conexionis
1239 1620 1447 1673 usurpata
1478 1611 1667 1673 τάξεως
1698 1615 1917 1657 notionem
1953 1612 2148 1655 omisisse

466 1701 619 1743 Cicero
655 1698 843 1741 addidit:
880 1710 992 1751 quae
1025 1709 1115 1739 sao
1158 1696 1340 1737 ordine
1382 1696 1431 1735 ei
1465 1694 1575 1746 leqe
1607 1690 1860 1744 variaturss)
1928 1688 2148 1732 Ciceronis

464 1775 611 1818 verbis
642 1787 723 1828 per
756 1775 1061 1816 aeternitatem
1092 1771 1286 1814 reddit-ur
1320 1765 1369 1826 ἐξ
1404 1759 1588 1821 ἀϊδίου,
1630 1766 1850 1809 extremis:
1889 1765 1957 1806 ita
1993 1766 2148 1813 tamen,

463 1855 516 1894 ui
558 1853 677 1906 ipsa
720 1852 913 1893 varietas
960 1849 1154 1891 habeat
1197 1846 1571 1889 aeternitatem
1615 1842 1913 1898 exprimuntur
1959 1830 2148 1898 ἀπαρα-

465 1923 623 1985 βάτου
659 1918 812 1987 οὔσης
845 1925 931 1986 τῆς
964 1920 1200 1984 τοιαύτης
1234 1919 1528 1982 ἐπιπλοκῆς;
1560 1919 1744 1974 reliquis
1775 1917 1960 1972 denique
1983 1915 2149 1958 verbis:

466 2017 518 2048 se
561 2004 783 2047 invicem
831 2005 1029 2052 tenens,
1076 2011 1187 2054 quae
1331 1997 1533 2040 variatur
1575 2007 1702 2038 nemo
1748 1994 1834 2036 iam
1874 1990 2032 2034 infitias
2072 1989 2151 2033 ibit

465 2080 719 2123 Ciceronem
780 2077 1059 2120 transtulisse
1115 2074 1349 2129 Chrysippi
1404 2072 1509 2116 τῶν
1565 2065 1750 2130 ἑτέρων
1803 2075 1909 2121 τοῖς
1965 2061 2151 2124 ἑτέροις

465 2150 971 2200 ἐπακολουθούντων
1031 2149 1114 2196 καὶ
1169 2145 1642 2208 μεταπολουμένων.
1731 2145 1781 2188 Id
1835 2157 1959 2196 vero,
2022 2155 2151 2197 quam

466 2230 646 2275 difficile
703 2231 758 2274 sit
807 2229 978 2274 Graeca
1030 2228 1110 2270 illa
1164 2227 1210 2269 in
1259 2224 1419 2268 Latina
1473 2223 1727 2267 convertere
1782 2220 1934 2274 verba,
1990 2218 2150 2273 optime

467 2308 745 2362 cognoscitur
795 2307 958 2349 collato
1010 2304 1164 2356 Gellii,
1215 2301 1332 2356 quod
1381 2314 1511 2355 supra
1560 2299 1704 2352 attuli,
1752 2297 2151 2350 interpretamento.

465 2384 644 2426 Maximi
688 2381 866 2426 tandem
911 2379 1118 2437 ponderis
1161 2377 1207 2420 id
1252 2389 1424 2432 quoque
1460 2387 1617 2418 censeo
1652 2386 1765 2427 esse,
1811 2371 1929 2426 quod
1962 2373 2005 2413 et
2037 2369 2148 2412 haec

468 2459 660 2502 definitio
696 2461 749 2511 et,
783 2470 912 2512 quam
948 2470 1002 2499 ex
1035 2455 1085 2511 ἐξ
1111 2456 1136 2496 7
1157 2467 1250 2508 sqq.
1285 2453 1496 2504 novimus,
1531 2449 1734 2493 refutatio
1767 2447 1998 2501 bipertitae
2034 2447 2152 2486 sunt:

467 2548 625 2592 nempe
677 2534 865 2578 concinit
916 2546 1012 2576 cum
1062 2531 1207 2587 priore
1258 2527 1520 2572 definitionis
1570 2527 1694 2581 parte
1743 2516 1891 2579 (εἶναι
1937 2514 2154 2579 φυσικήν

469 2626 581 2656 τινα
626 2604 865 2667 σύνταξιν
904 2608 1009 2653 τῶν
1051 2599 1206 2658 ὅλων)
1253 2603 1369 2660 quod
1410 2604 1484 2656 §7
1528 2601 1703 2644 dicitur:
1735 2600 1930 2654 primum
1972 2597 2023 2640 de
2054 2598 2155 2651 ipsa

473 2690 734 2742 eontayione
793 2699 939 2728 reram
997 2683 1358 2737 respondeamu33
1420 2682 1549 2734 atque
1607 2691 1676 2732 ea,
1739 2690 1849 2732 quae
1904 2675 1954 2732 ἐξ
1990 2674 2154 2717 8—-10

601 2851 633 2898 ¹)
686 2847 900 2887 Traditum
947 2845 1186 2885 ΜΕΑΠΟΑ
1198 2843 1445 2883 ΥΜΕΝΩΝ
1488 2841 1545 2880 ita
1595 2838 1827 2879 emendavit
1871 2835 2154 2882 Kumanudes3

472 2912 603 2954 Zeller
629 2906 980 2961 ἐπιπλεκομένων,
1009 2907 1167 2949 Usener
1192 2901 1249 2957 μὴ
1280 2899 1582 2954 ἀπολυομένων
1602 2902 1669 2955 (ef.
1686 2901 1810 2943 Hertz
1830 2900 1894 2941 ed.
1913 2899 2002 2939 mai.
2019 2895 2156 2937 Gell.1

471 2991 510 3028 p.
533 2980 625 3026 379;
654 2975 829 3025 Gercke,
859 2973 1117 3024 Chrysippea
1142 2984 1181 3022 p.
1203 2972 1307 3021 714).

600 3041 631 3092 ²)
673 3039 722 3079 Id
764 3038 876 3090 quod
917 3049 966 3078 eo
1007 3036 1170 3077 maioris
1211 3034 1338 3075 debet
1374 3032 1566 3073 momenti
1608 3042 1714 3081 esse,
1760 3027 1872 3080 quod
1908 3038 1960 3067 ex
1995 3023 2097 3064 locis
2134 3034 2157 3063 a

472 3106 639 3145 Stuevio
659 3106 715 3155 (p.
735 3105 800 3155 16)
828 3102 1024 3152 collectis,
1054 3100 1236 3152 inprimis
1265 3099 1317 3139 de
1345 3102 1425 3138 nat.
1446 3097 1556 3137 deor.
1571 3095 1613 3135 ΙΙ
1633 3095 1656 3147 ἕ
1674 3098 1719 3134 19
1749 3096 1790 3133 et
1818 3092 1870 3131 de
1897 3090 1979 3130 div.
1994 3087 2035 3128 11
2054 3087 2078 3138 ξ
2096 3090 2156 3138 19,

472 3172 643 3219 apparet
677 3167 912 3207 Ciceronem
953 3175 1099 3205 vocem
1135 3163 1296 3203 ordinis
1331 3162 1372 3201 in
1409 3158 1698 3201 convertendis
1733 3153 1964 3196 nominibus
1991 3150 2157 3192 Graecis

475 3232 574 3273 alibi
600 3244 680 3271 non
709 3230 974 3270 consuevisse
1001 3227 1208 3268 adhibere.
