2320 3786
1921 248 1977 290 13

294 376 488 430 pertinet
530 377 715 430 aliquid,
761 379 822 421 ad
853 378 1070 432 quasdam
1103 379 1249 419 autem
1280 375 1412 425 nihil,
1457 375 1534 417 sie
1580 377 1847 417 astrorum
1893 375 1977 427 af-

303 453 465 508 fectio
498 454 657 510 valeat,
691 455 732 499 si
751 456 828 508 vis,
864 454 926 499 ad
952 453 1170 510 quasdam
1190 464 1272 505 νθε,
1308 451 1370 495 ad
1392 463 1539 494 omnes
1563 453 1674 494 certe
1694 462 1785 492 non
1806 449 1978 492 valebit.

305 528 393 573 Sed
440 530 524 574 hoc
572 532 741 575 nullum
789 534 930 588 potest
979 544 1092 584 esse3
1141 531 1325 586 primum
1375 529 1489 572 enim
1532 527 1746 571 neminem
1792 526 1980 580 effugiat,

306 609 509 662 quantum
558 607 667 651 11366
715 621 803 651 11011
854 607 1128 651 consentiant
1178 619 1280 650 cum·
1324 605 1528 648 universo
1579 606 1801 656 contextu,
1853 615 1979 657 quem

304 695 433 739 supra
466 682 785 738 descripsimus:
820 685 949 725 antea
981 684 1024 725 ct
1055 684 1209 737 postea
1241 680 1296 724 de
1329 681 1494 723 naturis
1517 681 1711 723 locorum
1738 681 1780 721 et
1803 678 1979 720 omnino

305 758 360 801 dc
393 759 534 801 causis
566 758 836 800 naturalibus
871 757 1104 813 disputatio
1137 756 1195 810 fit,
1241 759 1357 800 certe
1390 769 1601 810 nusquam
1636 755 1690 798 de
1724 754 1978 808 astrologia;

305 833 463 875 deinde
507 846 558 875 63
601 846 754 886 parum
798 834 1023 887 eleganter
1066 833 1339 886 agglutinata
1384 845 1477 874 esse
1521 831 1733 875 facillime
1777 830 1977 882 sentitur3

305 920 417 963 quae
461 920 565 951 vero
608 907 804 963 proxime
850 906 1132 961 antecedunt,
1177 919 1271 950 esse
1305 920 1331 949 a
1364 907 1571 962 scriptore
1606 906 1760 949 Latino
1806 905 1978 948 adiecta

304 995 393 1025 non
427 995 534 1037 opus
568 985 632 1024 est
667 982 982 1034 demonstrare3
1016 982 1203 1036 denique
1238 982 1584 1036 quandoquidem
1618 983 1842 1023 statuimus
1876 982 1924 1037 ἐξ
1949 982 1975 1023 5

306 1061 349 1102 et
383 1059 409 1100 6
445 1073 470 1101 a
503 1059 709 1102 Cicerone
743 1059 857 1101 ultro
892 1057 1118 1101 adiunctas
1152 1070 1257 1111 esse,
1296 1056 1570 1100 manifestum
1605 1059 1669 1099 est
1703 1055 1898 1112 eundem,
1932 1059 1978 1099 ut

305 1134 428 1175 illam
461 1137 628 1188 partem
652 1147 747 1176 cum
772 1133 926 1177 ceteris
950 1133 1085 1176 artius
1109 1136 1368 1186 conecteret,
1402 1132 1511 1175 11366
1535 1145 1706 1186 (1110(1116
1730 1133 1978 1175 intexuisse.

305 1210 372 1251 Ne
416 1209 461 1251 id
505 1209 678 1263 quidem
712 1210 940 1263 neglegas,
985 1208 1068 1252 hoc
1100 1209 1200 1251 loco
1235 1209 1330 1251 solo
1365 1207 1422 1250 ad
1456 1208 1723 1262 colloquium
1759 1207 1978 1261 descendi,

304 1281 436 1337 idque
470 1283 640 1338 saepius
673 1282 1026 1337 familiariusque.
1071 1282 1285 1325 Seiunctis
1319 1286 1461 1324 autem
1485 1283 1558 1335 eis,
1594 1295 1706 1337 quae
1731 1283 1977 1324 notavimus

307 1359 518 1413 (Diianye
558 1383 621 1389 —
663 1372 752 1401 non
791 1359 990 1413 valebit),
1041 1371 1151 1412 quae
1200 1358 1536 1412 subsequuntur,
1586 1358 1642 1401 ad
1691 1358 1765 1414 §7
1817 1359 1977 1414 optime

306 1434 534 1489 quadrant,
567 1435 695 1477 immo
729 1435 863 1477 multo
898 1433 1141 1490 expeditior
1174 1435 1489 1489 argumentatio
1523 1434 1730 1477 redditur.

433 1512 500 1554 De
534 1510 653 1554 fonte
686 1511 829 1566 igitur,
862 1510 976 1553 unde
1000 1510 1049 1567 ἓξ
1069 1511 1218 1552 7-11
1246 1510 1427 1553 haustae
1457 1514 1567 1564 sunt,
1601 1510 1646 1552 id
1670 1512 1773 1553 satis
1798 1514 1979 1564 constat,

306 1589 479 1630 nullum
521 1601 613 1631 esse
656 1587 957 1631 documentum
997 1587 1051 1630 (16
1090 1588 1327 1642 astrologia
1359 1587 1420 1630 ibi
1455 1587 1787 1643 disputationem
1821 1586 1981 1631 factam

307 1662 453 1706 fuisse.
520 1662 635 1715 Quid
668 1676 771 1706 vero
807 1663 861 1706 de
894 1662 1129 1706 Posidonio
1163 1663 1360 1717 iudicem,
1394 1676 1524 1719 supra
1558 1663 1742 1706 ostendi.

432 1817 668 1860 Alteram
701 1817 827 1861 libri
862 1816 921 1860 de
956 1815 1064 1860 fato
1098 1819 1298 1872 partem
1333 1817 1516 1860 diximus
1551 1831 1577 1859 a
1612 1816 1716 1873 §11
1752 1829 1889 1872 usque
1923 1816 1980 1859 ad

307 1892 414 1947 §20
458 1896 627 1948 patere:
671 1893 725 1935 de
759 1893 842 1936 hac
877 1896 996 1936 certa
1029 1894 1290 1935 constituere
1325 1895 1460 1936 multo
1494 1896 1561 1936 est
1594 1892 1832 1936 difficilius:
1880 1907 1977 1935 nam

308 1982 566 2024 quamquam
620 1969 846 2024 iniquitate
899 1971 1139 2024 temporum
1194 1970 1316 2012 laesa
1371 1982 1458 2011 non
1508 1971 1591 2022 est,
1646 1971 1792 2012 tamen
1839 1982 1979 2024 paene

307 2044 551 2099 graviorem
585 2057 792 2100 perpessa
826 2047 890 2087 est
923 2045 1236 2087 calamitatem:
1271 2058 1378 2097 eum,
1414 2045 1487 2099 qui
1509 2044 1699 2100 tradidit,
1730 2046 1867 2099 ipsum
1892 2058 1979 2087 non

307 2121 601 2176 perspexisse,
636 2134 747 2175 quac
780 2120 969 2175 tradidit,
1003 2134 1104 2163 mox
1137 2120 1375 2176 apparebit.
1441 2120 1591 2163 Cicero
1626 2119 1851 2163 confitetur
1883 2121 1977 2174 ipse

308 2196 535 2240 obscuram
569 2210 659 2241 esse
691 2196 806 2241 hanc
841 2198 1148 2251 qaaestionem,
1183 2210 1316 2251 quam
1339 2194 1452 2256 περὶ
1478 2194 1709 2242 δυνατῶν
1723 2196 1981 2251 philosophi

308 2272 530 2324 appellent
560 2273 692 2326 (ξ1);
736 2273 878 2326 pergit
925 2272 1075 2315 eodem
1120 2273 1238 2314 loco:
1287 2275 1463 2325 totaque
1508 2275 1574 2315 est
1605 2268 1798 2331 λογική,
1845 2285 1976 2325 quani

306 2347 520 2389 rationem
570 2347 810 2390 disserendi
855 2359 972 2389 voco.
1054 2346 1277 2390 Conducet
1331 2347 1581 2389 memoriam
1636 2346 1788 2390 horum
1842 2348 1977 2402 ipsius

306 2423 536 2465 verborum
568 2423 768 2466 retinere.
822 2423 969 2477 Atque
1003 2422 1046 2464 id
1081 2422 1254 2476 quidem
1277 2421 1410 2464 facile
1434 2422 1710 2476 concedatur,
1746 2423 1977 2466 dummodo

306 2511 394 2542 non
438 2512 492 2542 ex
534 2498 683 2554 primis
727 2498 969 2553 vocabulis,
1020 2497 1125 2553 quid
1168 2497 1277 2540 11366
1321 2510 1422 2553 pars
1467 2498 1550 2541 sibi
1595 2499 1721 2551 velit,
1766 2498 1977 2553 indagare

308 2587 524 2628 conemur,
558 2588 646 2617 non
679 2574 733 2616 (16
767 2574 1035 2617 divinatione
1067 2575 1162 2629 ipsa
1192 2573 1342 2616 haberi
1364 2574 1758 2629 interrogationem,
1791 2575 1836 2616 id
1860 2575 1978 2628 quod

305 2652 388 2694 illa
420 2650 621 2694 videntur
654 2650 914 2707 significare,
959 2665 1101 2707 neque
1136 2650 1189 2693 de
1223 2651 1267 2693 vi
1300 2651 1654 2694 vaticinationum
1689 2654 1762 2694 aut
1796 2650 1851 2695 de
1885 2654 1977 2694 arte

306 2727 634 2781 astrologorum,
669 2727 742 2770 sed
778 2727 886 2770 haec
919 2727 1092 2769 nomina
1125 2727 1269 2769 omnia
1302 2726 1491 2769 breviter
1523 2728 1644 2782 tangi
1673 2730 1716 2769 et
1737 2728 1978 2782 praeteriri,

307 2804 423 2843 certe
457 2814 545 2843 non
577 2803 672 2856 ipsa
704 2803 901 2845 tractari:
935 2816 982 2845 re
1015 2815 1120 2844 vera
1154 2801 1207 2844 de
1241 2803 1323 2843 illa
1347 2802 1581 2857 Chrysippi
1604 2806 1646 2845 et
1668 2802 1851 2846 Diodori
1874 2816 1977 2846 con-

305 2877 498 2920 tentione
530 2874 645 2936 περὶ
681 2875 914 2922 δυνατῶν
947 2878 1019 2933 agi
1052 2890 1151 2920 mox
1185 2889 1240 2920 ex
1262 2877 1285 2933 ξ
1309 2878 1362 2919 17
1388 2878 1673 2933 cognoscitur,
1707 2878 1978 2922 ubidicitur:

307 2952 396 2997 Sed
433 2953 500 2995 ad
536 2953 689 2995 illam
728 2940 957 2996 Diodori
996 2954 1397 3004 contentionem,
1434 2968 1565 3007 quani
1597 2954 1711 3014 περὶ
1747 2954 1980 3001 δυνατῶν

309 3029 548 3084 appellant,
582 3032 926 3072 revertamur:
961 3042 1085 3083 quem
1121 3030 1260 3072 locam
1295 3030 1409 3072 hanc
1443 3033 1742 3084 qaaestionem
1765 3034 1981 3088 attinyere

307 3106 348 3163 (ᾖ
370 3105 447 3163 17)
480 3107 630 3148 auctor
662 3105 763 3147 libri
797 3105 974 3159 censuit,
1009 3118 1094 3160 quo
1117 3105 1269 3149 Cicero
1303 3118 1405 3149 usus
1431 3110 1513 3149 est:
1547 3121 1704 3163 nempe
1727 3109 1980 3153 Ciceronem

305 3184 446 3238 ipsum
494 3181 610 3225 hunc
660 3181 804 3224 locum
853 3182 1048 3224 attulisse
1096 3180 1219 3224 brevi
1268 3195 1394 3226 nemo
1445 3184 1704 3239 opinabitur.
1781 3186 1827 3230 Si
1876 3199 1981 3229 vero
