2430 3772
427 267 486 313 46

428 396 690 454 confiteor.¹)
756 399 882 444 Nihil
916 399 1115 458 impedit,
1150 400 1374 457 quominus
1408 397 1462 444 de
1495 397 1564 442 fin.
1588 398 1651 444 IV
1678 397 1728 458 ἓξ
1751 400 1807 445 14
1822 415 1914 459 sqq.
1949 400 2107 447 librum

426 475 555 516 illum
600 475 657 518 ad
690 476 879 519 Balbum
924 479 1100 521 missum
1147 479 1407 521 contineant.
1473 477 1535 519 At
1576 477 1680 531 quid
1721 478 1775 520 de
1816 479 2106 535 disputatione

427 548 549 607 περὶ,
586 547 882 611 εἱμαρμένης
923 554 1187 597 censendum
1228 554 1320 596 est?
1387 552 1583 604 Quantus
1627 552 1699 594 hic
1742 553 1856 596 liber
1889 557 1932 596 et
1965 557 2105 609 qualis

426 624 536 668 suit?
603 627 753 682 Atque
794 629 977 684 primum
1023 629 1196 684 quidem
1240 628 1284 671 id
1326 631 1487 672 certum
1532 630 1618 681 est,
1662 627 1817 670 libello
1860 631 2008 671 nostro
2051 630 2105 672 de

426 701 516 744 fato
559 705 602 744 et
640 716 705 745 ac.
728 704 772 746 II
805 704 855 760 ἐξ
878 706 1080 759 13—-39,
1124 706 1225 748 item
1260 718 1323 748 ac.
1347 705 1389 746 11
1422 704 1472 760 ἐξ
1490 704 1696 759 40-60,
1741 716 1852 758 quae
1885 703 2105 746 adhibitae

426 780 526 820 sunt
576 778 894 834 disputationes
931 772 1167 835 Antiochi,
1217 784 1330 824 totas
1373 780 1464 824 fere
1509 779 1741 824 exhaustas
1785 792 1897 822 esse:
1948 780 1992 821 in
2037 779 2105 823 his

427 854 581 897 Cicero
627 855 694 898 bis
739 859 920 899 annotat
964 869 1010 900 se
1058 858 1201 912 capita
1245 860 1410 900 tantum
1457 857 1637 910 referre,
1683 869 1746 899 ac.
1769 856 1812 898 II
1846 855 1952 910 §49
1989 859 2030 903 et
2063 856 2105 898 11

428 931 537 983 §30
580 931 620 987 (ξ
645 932 703 974 37
746 933 978 988 respicitur
1018 933 1074 976 ad
1108 933 1306 977 omissam
1341 933 1545 990 partem),
1588 933 1703 976 unde
1747 933 1839 976 veri
1878 932 2018 976 simile
2059 931 2105 975 fit

428 1008 574 1048 cetera
625 1007 798 1061 integra
848 1010 891 1050 et
940 1009 1074 1063 plena
1123 1008 1265 1062 reddi,
1320 1023 1409 1051 non
1458 1009 1645 1065 excerpi.
1727 1008 1953 1051 Pleniores
2000 1020 2103 1049 vero

427 1086 501 1125 aut
540 1096 716 1138 prorsus
750 1084 990 1127 incolumes
1025 1084 1233 1127 habemus
1268 1098 1340 1127 eas
1376 1085 1706 1141 disputationes,
1748 1084 1863 1127 unde
1897 1084 2103 1127 librorum

428 1158 648 1201 Ciceronis
690 1158 743 1200 de
784 1158 852 1200 fin.
888 1160 928 1201 V
962 1161 1012 1212 ἓξ
1042 1160 1230 1202 15-72
1272 1163 1402 1214 atque
1444 1159 1497 1202 de
1534 1159 1603 1201 fin.
1627 1160 1689 1202 IV
1722 1160 1772 1215 ἓξ
1799 1160 1856 1202 14
1874 1173 1967 1214 sqq.
2002 1172 2103 1202 con-

426 1248 578 1276 versae
635 1237 752 1287 sunt,
807 1235 908 1276 item
964 1248 1027 1276 ac.
1057 1236 1077 1277 Ι
1127 1237 1176 1287 ἓξ
1211 1236 1420 1279 15—42.
1496 1236 1592 1278 Hae
1648 1235 1961 1290 disputationes
2016 1249 2103 1277 non

426 1309 575 1351 eadem
622 1322 770 1352 omnes
816 1309 1101 1364 amplitudine
1147 1313 1265 1364 sunt,
1310 1313 1354 1352 at
1398 1313 1516 1353 certe
1550 1311 1697 1353 simili:
1738 1316 1825 1353 non
1860 1313 1925 1354 est
1959 1323 2103 1365 causa,

426 1397 502 1426 cur
548 1384 810 1438 dubitemus,
862 1386 966 1439 quin
1011 1386 1226 1440 genuinae
1272 1384 1478 1429 Antiochi
1528 1385 1842 1441 disputationes
1885 1388 1959 1429 aut
2002 1399 2104 1429 con-

424 1461 575 1504 similis
610 1464 684 1504 aut
717 1461 909 1505 ciusdem
944 1460 1105 1505 fuerint
1138 1462 1340 1516 ambitus,
1374 1475 1515 1517 paene
1547 1475 1711 1518 parvae
1745 1465 1818 1505 aut
1850 1462 2104 1517 mediocres,

423 1540 541 1580 certe
586 1551 675 1580 non
718 1551 997 1594 permagnae.
1075 1536 1259 1582 Omnes
1302 1551 1426 1581 vero
1462 1552 1519 1581 eo
1564 1539 1921 1592 consentiunt,
1967 1538 2103 1594 quod

422 1614 564 1656 intra
604 1617 778 1657 certos
819 1614 959 1658 fines
1000 1614 1061 1658 de
1096 1618 1239 1658 certa
1271 1629 1324 1658 re
1359 1615 1593 1658 breviter
1627 1618 1676 1659 et
1709 1616 2010 1669 summatim,
2051 1618 2102 1658 at

421 1692 582 1745 plene
638 1694 689 1734 et
739 1694 984 1746 quantum
1035 1705 1162 1747 opus
1209 1694 1287 1735 est
1332 1691 1648 1747 disputatur,
1704 1692 1947 1747 quaestio
1993 1705 2101 1735 sus-

424 1768 576 1821 cepta
620 1769 732 1809 tota
777 1765 1075 1810 conficitur.
1143 1766 1328 1810 Omnes
1372 1768 1645 1822 vulgarem
1686 1767 1944 1823 quandam
1977 1781 2100 1823 prae

424 1855 476 1883 se
518 1842 695 1884 ferunt
735 1844 1008 1896 rationem,
1055 1844 1180 1897 quasi
1220 1843 1275 1885 ad
1316 1856 1438 1885 usum
1479 1843 1791 1899 discipulorum
1825 1844 2101 1899 compositae.

424 1916 637 1968 Quoniam
679 1920 821 1960 autem
856 1919 960 1961 satis
995 1921 1164 1961 constat
1196 1920 1353 1962 multos
1387 1919 1606 1962 Romanos
1639 1918 1850 1962 Antiochi
1883 1918 2102 1962 auditores

423 1993 555 2036 fuisse
596 1998 639 2036 et
679 1994 917 2036 secundum
951 1995 1243 2037 testimonium
1279 1994 1331 2036 de
1365 1998 1452 2037 nat.
1477 1995 1593 2037 deor.
1616 1996 1637 2036 I
1664 1996 1720 2036 16
1759 1995 1864 2037 liber
1890 1993 2104 2037 Antiochi

420 2071 580 2120 nostri,
623 2071 699 2122 qui
732 2070 786 2112 ab
822 2082 869 2113 eo
902 2082 1044 2123 nuper
1078 2071 1139 2112 ad
1170 2070 1284 2112 hunc
1315 2070 1510 2113 Balbum
1542 2072 1701 2113 missus
1737 2073 1816 2122 est,
1851 2070 1993 2113 Balbo
2028 2069 2101 2112 de-

420 2145 590 2188 dicatus
623 2145 754 2189 fuerit
786 2147 900 2189 liber
933 2146 987 2188 ab
1011 2145 1235 2192 Antiocho
1270 2146 1420 2203 ipso,²)
1452 2160 1540 2189 non
1572 2147 1726 2202 procul
1749 2146 1873 2189 abest
1901 2146 2101 2201 suspicio,

421 2235 567 2264 eorum
602 2223 872 2277 potissimum
907 2235 1038 2266 causa
1072 2222 1151 2265 has
1187 2221 1503 2278 disputationes
1538 2223 1805 2277 conscriptas
1836 2225 1878 2265 et
1900 2222 1963 2265 sic
1987 2235 2100 2265 com-

420 2297 582 2353 positas
627 2311 735 2342 esse.
802 2298 939 2341 Erant
982 2300 1189 2354 tanquam
1236 2299 1454 2342 orationes
1501 2312 1646 2342 coram
1692 2297 1874 2354 dispulis
1913 2297 2100 2352 habitae,

419 2377 508 2415 tum
543 2374 701 2417 lit-teris
735 2374 967 2417 mandatae
1002 2377 1044 2417 et
1076 2375 1121 2416 in
1155 2376 1314 2430 vulgus
1349 2374 1491 2418 editae
1526 2373 1598 2429 (cf.
1633 2375 1740 2417 ac.I
1774 2376 1797 2427 ξ
1827 2374 1919 2429 14),
1960 2374 2100 2416 minus

420 2527 462 2562 et
480 2524 592 2573 quod
611 2524 799 2573 spinosas
817 2523 1150 2574 philosophorum
1169 2523 1539 2574 argumentationes
1558 2522 1702 2562 oderat
1715 2525 1785 2562 aut
1799 2522 2101 2569 contemnebat3

420 2587 622 2636 voluptati
636 2598 735 2626 vero
751 2587 904 2626 oratori
918 2590 1015 2636 erat,
1031 2587 1144 2636 quod
1157 2586 1486 2626 stomachabatur
1499 2586 1744 2635 Antiochus;
1758 2585 1876 2625 simul
1892 2584 1940 2636 ἐξ
1951 2589 1998 2625 40
2010 2597 2100 2635 sqq.

420 2650 661 2689 brevissime
689 2650 906 2690 conclusae
934 2653 1048 2689 erant
1074 2649 1416 2689 Academicorum
1443 2648 1681 2688 sententiae.

550 2714 579 2763 ¹)
609 2715 699 2753 Non
736 2713 822 2753 veri
858 2713 989 2753 simile
1023 2712 1066 2751 id
1101 2724 1191 2752 esse
1225 2712 1321 2752 inde
1356 2724 1490 2763 sumo,
1528 2712 1656 2763 quod,
1695 2724 1798 2763 quae
1834 2724 1884 2753 eo
1912 2712 2005 2753 loco
2034 2724 2101 2753 ex-

419 2777 631 2828 plicantur,
660 2777 700 2817 in
728 2776 833 2818 libro
860 2777 991 2828 primo
1019 2780 1132 2817 erant
1158 2776 1379 2825 tractanda,
1405 2779 1447 2817 et
1474 2776 1597 2828 quod,
1626 2788 1717 2817 cum
1743 2776 1840 2817 satis
1867 2776 2102 2818 conficiatur

419 2841 605 2891 quaestio
645 2845 839 2891 suscepta
877 2841 982 2880 intra
1020 2841 1123 2879 hanc
1164 2840 1501 2891 disputationem,
1545 2841 1615 2879 vix
1651 2840 1846 2880 credibile
1881 2844 1945 2880 est
1980 2841 2100 2880 alium

418 2905 691 2945 antecessisse
728 2909 798 2945 aut
833 2905 1061 2945 insecutum
1098 2915 1189 2944 esse
1226 2904 1278 2944 de
1315 2903 1456 2944 eadem
1492 2916 1535 2944 re
1570 2903 1733 2953 librum3
1769 2908 1978 2956 postremo
2005 2904 2101 2945 sub-

418 2969 552 3009 tiliora
579 2973 690 3019 sunt,
720 2980 825 3020 quae
853 2969 1005 3010 Sextus
1032 2968 1143 3007 illinc
1170 2968 1307 3018 tradit,
1336 2971 1377 3008 et
1402 2973 1560 3008 remota
1586 2968 1637 3008 ab
1665 2969 1772 3007 omni
1799 2969 1955 3009 ratione
1982 2969 2101 3007 huius

419 3033 611 3072 orationis
651 3033 752 3073 satis
793 3033 986 3084 vulgaris.
1052 3032 1176 3073 Plane
1216 3036 1350 3072 autem
1391 3032 1601 3072 diiudicari
1641 3032 1744 3072 haec
1779 3044 1845 3072 res
1884 3033 1979 3073 ideo
2019 3043 2100 3070 non

419 3100 568 3146 potest,
596 3097 708 3146 quod
734 3100 892 3147 partem
921 3109 1020 3147 eam,
1054 3108 1135 3147 qua
1162 3090 1378 3146 αἰσθήσεις
1406 3096 1617 3147 expositae
1645 3099 1776 3147 erant,
1806 3096 1947 3137 Cicero
1974 3094 2016 3146 (ξ
2037 3096 2100 3146 30)

418 3159 662 3200 brevissime
690 3160 905 3211 excerpsit.

546 3225 578 3275 ²)
607 3224 860 3265 Schoemann
888 3225 941 3266 ad
966 3224 1004 3265 h.
1024 3224 1050 3265 l.
