2320 3786
1851 273 1907 315 31

239 415 353 448 nunc
401 416 456 447 ne
505 402 550 447 id
599 404 772 460 quidem
820 403 1200 461 praetermiserim,
1256 401 1302 445 in
1351 399 1459 458 §39
1510 400 1646 445 verba
1696 399 1910 456 quaedam

239 478 381 522 videri
427 480 641 536 respicere
691 481 747 524 ad
791 482 963 536 singula
1008 481 1183 523 nomina
1226 479 1346 534 prius
1391 480 1597 533 usurpata
1641 479 1684 519 et
1726 476 1911 519 fortasse

240 555 370 598 etiam
403 556 458 599 ad
492 556 699 612 quasdam
732 559 895 612 partes,
941 556 1214 598 voluntarios
1248 554 1345 596 dico
1379 556 1524 596 motus
1558 554 1822 599 animorum,
1869 554 1912 593 et

240 635 409 687 postea:
466 635 541 687 qui
591 635 848 677 necessitate
899 635 1043 676 motus
1099 633 1346 675 animorum
1398 631 1604 673 liberatos
1652 629 1808 671 volunt
1854 626 1909 670 ad

239 708 289 765 ἓξ
314 710 511 763 23-25,
547 710 603 753 ad
635 709 686 766 ἐξ
710 710 769 752 28
787 722 900 764 sqq.:
943 710 1019 762 qui
1051 711 1271 751 censerent
1303 708 1451 750 omnia
1483 708 1550 749 ita
1581 706 1681 760 fato
1713 705 1826 758 fieri,
1860 707 1912 746 ut

238 786 287 827 id
326 786 474 839 fatum
510 787 597 829 vim
634 786 907 828 necessitatis
946 785 1131 838 afferret.
1197 784 1317 827 Idem
1351 783 1526 826 tandem
1560 796 1689 837 quam
1723 782 1909 824 maxime

238 861 409 904 videtur
452 860 697 904 confirmari
736 874 949 904 consensu
988 862 1206 903 nominum
1241 863 1284 903 et
1317 862 1666 915 argumentorum
1700 858 1774 914 §9
1811 870 1909 899 cum

239 937 289 994 ἓξ
312 937 368 980 41
390 950 483 993 sqq·

367 1012 449 1064 Qui
498 1026 602 1056 vero
651 1013 811 1056 factum
857 1013 928 1066 sit,
978 1015 1025 1055 ut
1066 1013 1112 1054 iu
1156 1013 1376 1067 prooemio
1411 1012 1564 1055 Cicero
1608 1011 1733 1054 huius
1773 1011 1909 1066 partis

239 1090 498 1132 mentionem
520 1102 608 1132 non
630 1089 807 1142 faceret,
841 1090 1086 1144 complures
1110 1089 1292 1143 cogitari
1314 1092 1493 1144 possunt
1516 1100 1691 1131 causae:
1726 1099 1908 1142 quarum

238 1177 324 1206 una
357 1166 422 1207 est
453 1178 561 1218 eum,
596 1178 691 1208 cum
724 1164 837 1207 illud
870 1165 1174 1214 conscriberet,
1208 1164 1252 1207 in
1281 1163 1400 1207 fonte
1422 1162 1691 1220 perlegendo
1715 1162 1907 1205 nondum

239 1253 375 1296 usquc
429 1253 481 1284 eo
534 1254 807 1297 progressum
860 1241 1009 1285 fuisse:
1063 1240 1329 1297 prooemium
1378 1239 1586 1283 videlicet
1639 1242 1740 1282 ante
1794 1238 1908 1281 hanc

238 1319 406 1371 partem
440 1318 718 1371 compositam
752 1319 975 1359 exaratum
1009 1329 1103 1359 esse
1135 1316 1236 1359 inde
1270 1329 1410 1369 sumo,
1445 1316 1561 1369 quod
1594 1319 1684 1358 tum
1717 1314 1909 1357 nondum

239 1391 405 1433 sciebat
454 1404 500 1433 se
549 1392 844 1445 quaestionem
891 1388 1004 1450 περὶ
1050 1389 1283 1435 δυνατῶν
1328 1393 1428 1433 ante
1476 1391 1812 1443 enuntiationes,
1863 1393 1910 1432 ut

240 1465 345 1508 dicit
376 1466 481 1521 ipse,
516 1478 609 1509 esse
642 1468 935 1509 tractaturum.
985 1467 1077 1509 Aut
1099 1466 1264 1520 Cicero,
1298 1479 1393 1509 cum
1427 1469 1573 1522 partes
1608 1465 1910 1521 disputationis

239 1545 528 1595 enumeraret,
573 1554 646 1585 eas
689 1545 856 1585 tantum
895 1545 1013 1584 ratus
1047 1545 1112 1585 est
1143 1545 1290 1597 partes
1325 1555 1437 1595 esse,
1483 1555 1594 1596 quae
1629 1556 1655 1584 a
1687 1543 1909 1596 proposito

239 1616 539 1660 exordirentur
588 1617 628 1673 (ξ
652 1617 718 1672 4):
769 1630 926 1673 nempe
975 1618 1272 1672 quaestionem
1319 1615 1433 1677 περὶ
1485 1615 1738 1670 δυνατῶν,
1789 1617 1910 1660 cuius

237 1694 404 1737 initium
448 1693 633 1749 quodam
677 1693 805 1737 modo
850 1693 898 1737 fit
940 1694 1160 1750 proposito
1201 1693 1243 1750 (ξ
1270 1693 1364 1750 13),
1409 1696 1455 1736 ut
1487 1697 1655 1750 partem
1688 1686 1908 1750 propriam

241 1773 457 1823 numerat3
489 1772 637 1814 nostra
668 1783 772 1814 vero
808 1772 927 1814 caret
960 1770 1171 1814 eiusmodi
1203 1771 1439 1826 proposito.

364 1847 593 1901 Utcunque
636 1849 778 1889 autem
821 1845 930 1889 haec
973 1860 1043 1890 res
1076 1859 1122 1889 se
1155 1846 1305 1900 habet,
1350 1850 1467 1890 certe
1501 1860 1650 1889 omnes
1683 1860 1760 1890 eae
1796 1846 1907 1889 diffi-

238 1923 422 1965 cultates
471 1922 645 1965 facilius
689 1925 871 1978 possunt
915 1923 1014 1965 tolli
1059 1935 1188 1977 quam
1237 1922 1421 1965 concedi
1468 1923 1609 1978 ipsum
1652 1922 1905 1966 Ciceronem

237 1997 351 2041 hanc
389 2000 557 2054 partem
597 1997 774 2041 aliunde
812 1998 1113 2053 assumpsisse:
1153 2011 1254 2040 nam
1296 2001 1345 2041 et
1384 1999 1592 2041 ratione
1633 2011 1905 2053 argumen-

237 2074 387 2116 tandi
448 2077 496 2117 et
548 2074 701 2117 rebus
758 2075 945 2130 optime
999 2087 1107 2118 cum
1163 2074 1598 2117 antecedentibus
1654 2075 1904 2128 concinit,

237 2153 366 2205 atque
400 2150 437 2193 si
469 2163 558 2193 non
591 2163 645 2193 ex
678 2150 830 2194 eodem
862 2150 974 2194 libro
1004 2153 1116 2194 esset
1137 2153 1319 2206 sumpta,
1352 2163 1530 2194 necesse
1553 2153 1668 2194 esset
1691 2151 1904 2204 conicere,

235 2227 280 2269 in
329 2227 466 2270 altero
514 2227 596 2270 illo
644 2227 757 2270 libro
806 2227 979 2271 omnino
1026 2227 1133 2270 talia
1179 2229 1308 2271 antea
1352 2240 1445 2271 esse
1491 2228 1705 2283 exposita,
1756 2228 1905 2282 qualia

235 2303 429 2358 partibus
472 2303 629 2346 nostris
674 2303 886 2358 prioribus
932 2302 1219 2357 disseruntur,
1263 2303 1466 2358 quoniam
1499 2304 1627 2346 aliter
1659 2303 1769 2346 haec
1802 2316 1905 2358 pars

236 2391 323 2419 non
355 2380 498 2432 potest
525 2378 736 2432 intellegi.

361 2454 506 2509 Atque
541 2452 601 2497 de
633 2453 836 2497 ratione
871 2453 1044 2509 quidem
1067 2453 1463 2510 argumentandi
1486 2453 1531 2497 id
1554 2453 1686 2498 facile
1710 2454 1903 2497 animad-

235 2530 435 2583 vertitur,
479 2527 533 2587 ἓξ
556 2529 613 2571 41
634 2542 726 2584 sqq.
771 2530 824 2572 ab
857 2529 1075 2573 Antiocho
1109 2529 1341 2585 Chrysippi
1385 2531 1688 2573 conclusiones
1728 2544 1904 2585 prorsus

236 2605 388 2648 eodem
429 2604 556 2648 modo
603 2605 831 2661 explanari
876 2608 919 2649 et
962 2606 1179 2649 recenseri
1219 2608 1263 2649 et
1294 2605 1415 2659 iude,
1460 2619 1572 2661 quae
1605 2607 1700 2661 ipse
1733 2608 1904 2660 sentiat,

235 2680 335 2722 duci
383 2682 513 2734 atque
557 2677 611 2738 ἐξ
638 2681 694 2721 17
718 2693 794 2735 sq.,
839 2681 898 2722 23
923 2694 999 2735 sq.,
1044 2682 1101 2723 31
1128 2694 1232 2735 sqq.,
1275 2682 1459 2724 maxime
1504 2694 1608 2724 vero
1658 2668 1905 2724 consimiles

233 2768 329 2799 esse
362 2755 411 2812 ἐξ
438 2756 495 2798 13
528 2758 572 2799 et
608 2756 665 2799 14
699 2759 829 2811 atque
861 2755 912 2813 ἓξ
935 2756 995 2799 44
1025 2759 1068 2800 et
1089 2756 1163 2811 45,
1197 2757 1300 2812 quin
1334 2757 1463 2800 etiam
1496 2758 1743 2801 universam
1777 2771 1905 2812 argu-

233 2832 542 2875 mentationum
576 2833 929 2887 compositionem
964 2833 1206 2876 concinere.

358 2906 433 2950 Ad
487 2908 860 2950 sententiarum
915 2910 1058 2951 autem
1113 2921 1419 2951 consensum
1473 2908 1744 2964 probandum
1795 2923 1902 2952 non-

233 2985 378 3026 nullos
433 2996 488 3025 ex
535 2983 585 3038 §§
617 2983 806 3025 39—45
856 2985 978 3026 locos
1027 2985 1282 3028 exscribam.
1348 2986 1400 3027 In
1449 2985 1558 3037 §40
1608 2987 1904 3038 conclusione,

232 3059 416 3103 fortasse
449 3058 704 3113 Carneadis,
748 3059 888 3102 relata
935 3059 1107 3102 dicitur:
1153 3059 1281 3116 Quod
1319 3073 1417 3103 cum
1448 3062 1653 3104 vitiosum
1686 3062 1761 3116 sit,
1798 3075 1904 3116 pro-

235 3137 436 3179 babiliter
467 3135 667 3178 concludi
687 3138 859 3190 putant
888 3148 979 3178 non
1012 3138 1160 3178 omnia
1192 3137 1292 3191 fato
1323 3137 1431 3191 fieri,
1466 3151 1748 3191 quaecunque
1779 3139 1905 3191 fiant.

232 3213 435 3269 Pergitur
484 3213 587 3256 ilico
630 3210 672 3269 (ξ
701 3211 798 3269 41);
853 3209 1118 3268 Chrysippus
1163 3216 1326 3266 autem,
1378 3227 1476 3257 cum
1520 3218 1563 3258 et
1603 3216 1908 3259 necessitatem
