2306 3786
1901 305 1928 346 7

256 413 479 468 complura
513 413 567 459 de
601 415 863 465 divinatione
896 421 1077 465 inseruit
1100 423 1168 480 (ἐξ
1193 423 1416 481 7—12)‚¹)
1450 428 1573 469 extra
1601 440 1692 470 rem
1717 441 1927 483 egressus,

252 488 356 531 item
389 491 579 536 secundo
608 493 661 537 de
684 496 853 551 legibus
877 498 945 555 (ἓξ
966 499 1231 555 32—33)‚2>
1267 500 1535 558 eandemque
1560 505 1858 559 quaestionem
1881 506 1926 548 in

252 564 451 609 libellum
473 572 663 613 nostrum
687 572 925 616 inculcavit
948 574 988 630 (ξ
1014 576 1080 628 11,
1115 576 1163 632 ἐξ
1186 577 1401 633 15-16),
1436 582 1525 621 tum
1549 580 1593 621 in
1616 582 1740 624 nullo
1766 595 1924 636 eorum,

253 653 363 694 quae
396 645 520 687 annis
550 645 737 688 46—44
771 648 922 703 edidit,
964 663 1139 704 operum
1173 652 1229 694 ad
1261 652 1582 710 philosophiam
1616 658 1922 711 pertinentium

251 720 314 761 tot
356 722 398 762 et
441 722 587 765 tantae
634 722 912 767 inveniuntur
954 729 1118 781 parteS,
1164 741 1270 783 quas
1315 733 1389 773 aut
1422 733 1535 775 totas
1569 736 1643 776 aut
1676 747 1833 790 magna
1868 749 1921 778 ex

248 797 372 848 parte
404 796 510 850 ipse,
544 798 706 840 nullius
741 801 927 843 auctoris
962 802 1157 845 ordinem
1191 808 1363 848 secutus
1398 810 1471 850 aut
1505 809 1638 851 verba
1661 811 1919 866 exprimens,

249 872 498 926 composuit,
533 876 638 927 quot
668 874 713 916 in
746 875 859 918 libro
895 876 947 919 de
983 878 1247 923 divinatione
1277 884 1473 938 utroque,
1508 886 1692 928 maxime
1716 887 1918 931 secundo.

246 945 400 1000 Neque
435 960 590 1001 parcus
624 947 703 990 fuit
726 949 876 993 Cicero
910 952 954 993 in
989 954 1241 997 evolvendis
1268 958 1515 1001 auctoribus
1540 959 1731 1010 Graecis,
1766 962 1917 1016 quide

245 1019 327 1061 hac
352 1022 531 1063 materia
555 1024 829 1078 scripserunt,
860 1026 1055 1081 inprimis
1079 1029 1252 1072 Stoicis:
1283 1031 1339 1072 ad
1362 1033 1597 1075 secundum
1621 1036 1734 1076 enim
1759 1037 1917 1079 librum

245 1107 331 1137 non
376 1096 502 1139 modo
539 1096 854 1143 Clitomachum
895 1102 971 1144 sed
1013 1103 1140 1146 etiam
1174 1105 1430 1149 Panaetium
1464 1110 1691 1164 arcessivit
1727 1112 1767 1165 (ξ
1794 1112 1918 1165 97),3)

243 1215 322 1243 non
360 1205 542 1246 mirabile
583 1211 661 1258 est,
704 1221 822 1259 quam
862 1212 1034 1252 maxime
1075 1225 1174 1254 vero
1209 1226 1284 1264 per
1317 1228 1361 1256 se
1398 1217 1556 1268 mirum,
1598 1220 1707 1269 quod
1744 1221 1796 1260 de
1832 1221 1914 1261 fato

243 1265 387 1306 librum
415 1270 656 1320 conscripsit
682 1283 854 1324 eumque
882 1286 973 1314 cum
1000 1275 1113 1316 libris
1141 1278 1193 1318 de
1221 1278 1471 1320 divinatione
1498 1281 1713 1323 cohaerere
1742 1284 1851 1324 dicit.

371 1332 402 1380 1)
431 1331 647 1373 Schmekel
673 1335 698 1374 1.
719 1348 753 1376 c.
780 1349 819 1386 p.
840 1340 899 1377 96.

369 1394 399 1443 ²)
427 1395 713 1447 Reitzenstein,
741 1399 838 1438 Drei
864 1400 1173 1452 Vermutungen
1200 1404 1462 1452 (Festschrift
1488 1407 1516 1445 f.
1532 1408 1768 1460 Mommsen,
1801 1413 1912 1461 1893>

240 1466 279 1504 p.
292 1457 338 1494 28
349 1466 408 1506 sq.
423 1455 528 1497 hunc
546 1457 679 1498 locum
699 1472 789 1499 cum
809 1461 861 1501 de
877 1462 988 1503 div.I
1004 1464 1053 1515 ἐξ
1069 1468 1115 1504 87
1127 1477 1228 1517 sqq.,
1249 1469 1308 1516 31,
1330 1467 1400 1507 117
1408 1472 1441 1519 5,
1461 1469 1548 1510 aliis
1569 1472 1738 1512 eontulit
1753 1476 1794 1512 et
1807 1474 1914 1523 inde,

241 1519 352 1567 quod
379 1521 565 1569 exempla
592 1522 763 1562 diversis
789 1524 897 1563 illius
924 1526 1016 1564 libri
1042 1527 1142 1567 locis
1161 1529 1323 1579 longius
1343 1532 1529 1580 exposita
1548 1534 1690 1573 eadem
1713 1535 1778 1575 hic
1797 1538 1914 1585 quasi

240 1580 416 1620 breviter
443 1587 653 1636 coguntur,
681 1586 880 1626 conclusit
907 1588 953 1640 ἐξ
970 1592 1133 1642 32-33,
1160 1596 1377 1643 postquam
1411 1594 1503 1634 libri
1522 1596 1574 1636 de
1593 1597 1673 1639 div.
1695 1600 1913 1650 conscripti

240 1649 393 1694 essent,
429 1646 532 1685 intra
566 1651 802 1688 contextum
832 1652 1002 1690 secundi
1027 1653 1118 1692 libri
1145 1655 1223 1693 iam
1249 1657 1360 1704 prius
1387 1660 1656 1708 compositum
1683 1662 1913 1703 interiectas

239 1717 340 1747 esse.
382 1707 435 1747 Ut
459 1709 565 1749 idem
583 1711 770 1763 iudicem,
800 1713 921 1753 etiam
940 1715 1200 1758 similitudine
1219 1719 1327 1758 tertii
1347 1719 1438 1770 loci,
1468 1721 1519 1761 de
1537 1734 1575 1762 n.
1596 1723 1633 1762 d.
1650 1723 1690 1763 II
1709 1724 1757 1776 ἓξ
1774 1730 1794 1764 7
1815 1731 1856 1766 et
1875 1730 1909 1777 9,

237 1770 429 1810 adducor.
480 1773 633 1812 Horum
661 1776 835 1814 omnium
863 1777 1028 1828 fontem,
1056 1780 1212 1819 initium
1240 1781 1432 1831 (fortasse
1458 1786 1594 1834 primi)
1621 1787 1830 1827 Posidonii
1858 1790 1910 1828 de

237 1832 482 1875 divinatione
520 1835 628 1886 libri,
669 1838 820 1888 optime
854 1840 991 1880 reddit
1027 1841 1078 1882 de
1114 1843 1195 1883 div.
1222 1844 1241 1883 I
1275 1844 1323 1896 ἕξ
1345 1849 1390 1885 87
1407 1858 1516 1898 sqq.;
1556 1849 1729 1898 primum
1764 1850 1908 1892 Cicero

234 1896 346 1935 illum
373 1897 506 1937 locum
534 1900 762 1951 evolverat,
796 1914 886 1941 cum
905 1904 965 1943 -de
992 1909 1072 1944 nat.
1092 1906 1203 1946 deor.
1223 1907 1263 1946 II
1290 1908 1340 1959 ἐξ
1361 1914 1380 1948 7
1397 1921 1486 1960 sqq.
1516 1913 1809 1962 conscriberet,
1838 1916 1908 1954 ubi

235 1959 379 1999 eodem
415 1961 536 2001 modo
572 1966 692 2014 atque
728 1964 779 2005 de
815 1965 893 2018 leg.
914 1966 954 2005 II
981 1967 1068 2019 §33
1107 1968 1261 2010 Graeca
1297 1976 1338 2011 et
1371 1973 1554 2015 Romana
1590 1977 1778 2027 exempla
1813 1990 1907 2019 con-

233 2022 372 2062 iunxit.
411 2024 628 2064 Accedunt
653 2027 731 2066 alia
758 2028 1013 2080 documenta,
1042 2032 1188 2081 quibus
1206 2035 1378 2075 maxime
1398 2036 1655 2078 confirmatur
1674 2041 1908 2082 coniectura

232 2085 558 2128 Reitzensteinii:
591 2100 695 2140 quae
722 2090 773 2143 ἐξ
793 2095 941 2133 32-33
971 2100 1244 2146 exponuntur,
1273 2102 1366 2137 sunt
1393 2100 1507 2149 quasi
1532 2113 1686 2142 summa
1711 2103 1905 2145 librorum

233 2150 285 2189 de
319 2151 399 2190 div.
419 2151 439 2190 Ι
476 2156 516 2192 et
551 2153 603 2192 de
629 2158 709 2194 nat.
729 2155 838 2195 deor.
858 2156 909 2198 II.
964 2158 1064 2197 Nam
1099 2160 1209 2209 quod
1245 2161 1392 2201 dicitur
1418 2163 1459 2214 (ξ
1479 2164 1565 2215 32);
1602 2166 1651 2205 Si
1678 2168 1786 2206 enim
1813 2168 1904 2208 deos

231 2225 312 2253 esse
336 2215 586 2256 concedimus
613 2230 825 2270 eorumque
851 2222 979 2260 mente
1005 2222 1199 2263 mundum
1226 2225 1312 2276 reyi
1341 2228 1377 2264 et
1404 2227 1555 2267 eosdem
1582 2229 1791 2270 hominum
1811 2245 1902 2272 con-

229 2277 358 2315 sulere
388 2279 544 2328 yeneri,
580 2281 678 2319 nihil
714 2282 823 2321 aliud
860 2287 923 2322 est
948 2285 1024 2324 nisi
1051 2286 1266 2336 dispositio
1294 2290 1465 2328 secundi
1491 2291 1581 2330 libri
1609 2293 1660 2331 de
1686 2298 1767 2333 nat.
1788 2295 1901 2335 deor.

230 2338 297 2390 (cf.
326 2340 421 2393 53).
488 2343 623 2384 Omnis
662 2356 760 2385 vero
800 2344 1000 2388 structura
1039 2351 1415 2400 argumentationis:
1455 2354 1504 2393 Si
1544 2355 1652 2395 enim
1692 2357 1782 2398 deos
1822 2371 1902 2399 esse

229 2405 478 2444 concedimus
506 2437 515 2445 .
536 2437 571 2446 ..
602 2409 638 2445 et
666 2420 786 2458 posse
820 2410 936 2450 nobis
970 2411 1090 2461 siyna
1126 2425 1260 2452 rerum
1294 2415 1533 2464 futurarum
1560 2420 1781 2471 ostendere,
1818 2435 1900 2461 non

228 2466 362 2519 video,
400 2481 472 2509 cur
506 2481 586 2510 esse
621 2469 915 2513 divinationem
947 2487 1103 2527 neyem,⁴
1139 2489 1222 2518 non
1248 2481 1344 2519 sunt
1371 2482 1504 2520 autem
1531 2494 1594 2532 ea,
1632 2495 1733 2534 quae
1753 2486 1899 2536 posue}

228 2544 277 2570 em
313 2533 457 2582 quibus
493 2535 538 2573 id
573 2537 678 2585 quod
712 2537 895 2576 volumus
930 2540 1108 2589 efficitur
1143 2544 1180 2580 et
1217 2543 1375 2592 coyitur
1409 2546 1575 2594 respicit
1607 2547 1648 2584 in
1682 2548 1734 2586 de
1771 2550 1852 2587 div.
1880 2551 1898 2587 Ι

227 2595 276 2647 ἐξ
296 2600 443 2638 82-83
480 2598 714 2650 similesque
749 2600 881 2652 locos,
918 2603 1056 2643 omnia
1091 2616 1216 2656 regna
1251 2618 1460 2657 omnesque
1480 2609 1629 2659 populi
1656 2614 1899 2662 cunctaeque

225 2663 359 2711 gentes
393 2662 602 2704 notissima
637 2668 732 2704 sunt
758 2665 986 2706 Stoicorum
1022 2678 1257 2718 argumenta
1283 2682 1306 2709 a
1333 2671 1526 2711 Cicerone
1560 2674 1669 2722 prius
1698 2675 1749 2714 de
1777 2676 1857 2714 div.
1879 2678 1897 2715 I

226 2723 249 2774 ξ
273 2727 315 2763 12
346 2728 387 2764 et
413 2725 462 2776 ἐξ
483 2730 529 2765 87
545 2738 632 2778 sqq.
660 2732 781 2779 atque
809 2729 862 2770 de
888 2734 969 2771 nat.
990 2732 1099 2772 deor.
1120 2732 1160 2772 ΙΙ
1187 2733 1273 2785 §12
1301 2734 1462 2786 longius
1489 2741 1671 2777 tractata.

351 2788 382 2837 ³)
421 2788 532 2835 Quae
567 2790 739 2831 Schiche
776 2793 845 2843 (de
881 2784 1062 2835 fontibus
1097 2796 1183 2836 libr.
1213 2797 1310 2848 Cic.‚
1348 2799 1416 2849 qui
1451 2804 1546 2839 sunt
1581 2801 1633 2840 de
1669 2802 1763 2853 div.,
1800 2804 1896 2845 diss.

223 2850 313 2891 Jen.
343 2852 457 2902 1875)
494 2856 535 2892 et
569 2854 802 2896 Hartfelder
838 2858 932 2907 (Die
969 2859 1139 2906 Quellen
1174 2873 1254 2901 von
1289 2862 1453 2903 Ciceros
1487 2865 1586 2904 zwei
1621 2865 1807 2907 Biichern
1843 2868 1896 2908 de

224 2915 489 2967 divinatione,
518 2918 658 2969 Progr.
686 2920 884 2973 Freiburg
910 2923 935 2962 i.
955 2923 999 2964 B.
1032 2926 1146 2971 1878)
1176 2924 1227 2965 de
1256 2937 1304 2966 eo
1333 2926 1435 2967 libro
1463 2931 1704 2981 statuerunt,
1734 2932 1896 2974 omnino

222 2980 432 3031 probanda
453 2986 558 3033 sunt,
579 2983 629 3034 ἓξ
649 2988 796 3026 87-97
819 2998 869 3026 ex
887 2987 1091 3039 Panaetio,
1113 2993 1246 3030 cetera
1265 3002 1318 3030 ex
1336 2992 1584 3033 Clitomacho
1606 3007 1698 3036 esse
1716 3002 1894 3049 sumpta3

221 3044 298 3084 sed
332 3056 500 3085 necesse
534 3046 630 3085 mihi
657 3047 820 3088 videtur
846 3051 1073 3091 accuratius
1100 3052 1348 3104 distinguere
1375 3055 1477 3095 inter
1505 3067 1572 3096 eas
1600 3063 1755 3109 partes,
1793 3073 1897 3111 quae

220 3108 277 3147 ita
312 3120 362 3148 ex
398 3109 648 3149 Clitomacho
684 3111 850 3152 haustae
885 3118 993 3163 sunt,
1032 3119 1077 3153 ut
1111 3116 1151 3154 in
1187 3117 1402 3158 scribendo
1440 3120 1558 3159 etiam
1595 3123 1774 3172 singulas
1810 3126 1897 3165 eius

219 3172 389 3223 paginas
425 3172 631 3224 verbaque
667 3177 759 3215 ante
795 3175 934 3217 oculos
969 3177 1155 3229 haberet,
1196 3184 1307 3221 certe
1345 3188 1674 3234 argumentorum
1712 3188 1897 3230 ordinem

221 3240 456 3286 sequeretur
490 3260 540 3265 —
574 3238 633 3278 sic
660 3239 790 3279 sentio
819 3239 871 3279 de
898 3239 946 3291 ἐξ
967 3244 1088 3281 9-25
1118 3246 1159 3282 et
1188 3247 1258 3283 110
1280 3245 1364 3294 (aut
1385 3247 1474 3297 119)
1494 3252 1644 3300 —134‚
1684 3255 1896 3303 142—147,
